2944 3880
1328 346 1373 405 2}

285 512 429 540 earum
458 498 646 551 posuerit
677 498 975 549 substantiam,
1011 499 1110 539 satis
1139 504 1326 554 apparet.
1384 498 1587 540 Nimirum
1620 497 1723 540 baec
1753 497 1836 540 sola
1869 512 2005 539 rerum
2038 498 2293 541 substantiae
2323 502 2435 541 recte

283 576 420 633 potuit
449 576 611 631 opponi.
675 575 789 627 Quae
827 591 922 619 cum
964 577 1022 619 ita
1059 578 1160 627 sint,
1198 576 1316 619 ideae
1352 583 1393 619 et
1430 591 1494 618 res
1530 590 1556 618 a
1584 576 1756 619 Platone
1786 590 1867 618 non
1897 574 1977 617 dici
2008 582 2177 631 possunt
2205 581 2302 632 apte
2331 591 2429 620 con-

278 657 449 710 junctae
479 668 566 694 esse
596 655 637 695 in
670 654 861 705 Timae03
911 656 1050 698 anima
1079 656 1187 697 enim
1218 655 1360 697 mundi
1391 669 1471 696 non
1502 655 1665 696 videtur
1699 655 1909 697 vinculum
1945 668 2031 695 esse
2068 669 2203 708 posse,
2244 670 2325 710 quo
2362 671 2428 698 res

284 739 326 776 et
353 733 471 775 ideae
502 734 800 775 contineantur.
861 734 953 785 Qua
982 735 1023 776 in
1054 749 1098 775 re
1128 734 1295 776 fuerunt
1324 734 1392 788 qui
1424 732 1715 788 philosophum
1747 734 1805 775 ita
1836 738 2093 783 excusarent,
2124 737 2171 775 ut
2200 735 2430 789 scriptionis

284 828 412 867 genus
441 812 627 853 dicerent
655 827 742 854 esse
772 813 1022 867 mythicum,
1053 814 1281 856 orationem
1310 812 1581 855 verisimilem.
1645 812 1756 864 Esto,
1787 811 2039 855 concedatur
2069 811 2144 855 hoc
2173 827 2348 868 quoque,
2377 813 2429 856 de

282 892 424 932 anima
452 890 595 931 mundi
625 890 840 931 Platonem
880 906 960 933 non
997 892 1178 945 potuisse
1216 891 1431 933 dialectice
1469 891 1691 944 disputare.
1752 890 1832 932 Sed
1862 890 2082 932 involucris
2122 890 2202 931 illis
2240 891 2430 933 omnibus

283 969 450 1012 remotis
478 983 640 1018 vereor,
670 985 721 1011 ne
751 983 856 1024 quae
884 974 1129 1011 remaneant
1157 970 1265 1010 inter
1293 984 1335 1009 se
1365 969 1446 1010 sint
1475 969 1722 1023 pugnantia,
1752 969 1811 1011 ita
1841 975 1887 1011 ut
1917 985 1967 1012 ne
1998 969 2232 1023 probabilia
2260 970 2426 1024 quidem

282 1063 331 1090 ea
360 1063 446 1089 esse
476 1048 642 1089 concedi
673 1049 811 1102 possit.

482 1126 673 1169 Summas
710 1132 849 1169 autem
890 1126 955 1169 hic
993 1126 1148 1170 Timaei
1195 1127 1308 1169 locus
1345 1125 1612 1169 difficultates
1651 1128 1946 1182 interpretibus
1982 1134 2201 1182 propterea
2242 1129 2428 1183 praebet,

280 1208 390 1262 quod
420 1207 529 1249 solus
558 1212 621 1249 est
649 1206 700 1248 de
730 1207 871 1249 anima
899 1207 1111 1249 mundana
1139 1206 1422 1261 similibusque
1450 1204 1670 1248 afferendis
1699 1222 1847 1261 pamm
1876 1211 2013 1262 potest
2048 1207 2259 1250 illustrari.
2305 1208 2425 1259 Quid,

281 1287 390 1342 quod
427 1288 468 1328 in
505 1302 554 1328 eo
589 1285 795 1340 quaedam
832 1287 1115 1341 reperiuntur,
1154 1299 1260 1340 quae
1290 1299 1370 1328 non
1401 1286 1533 1328 solum
1564 1300 1767 1340 nusquam
1797 1287 1895 1330 alibi
1925 1303 1951 1329 a
1977 1287 2148 1329 Platone
2179 1301 2427 1330 commemo-

280 1371 447 1415 rantur,
486 1366 557 1406 sed
594 1366 718 1406 etiam
758 1365 812 1406 ab
849 1366 1039 1406 universa
1077 1366 1166 1420 ejus
1203 1365 1392 1407 doctrina
1428 1364 1566 1406 aliena
1603 1380 1690 1407 esse
1730 1365 1930 1408 videntur.
1992 1367 2079 1408 Iam
2115 1367 2307 1409 omnibus
2341 1365 2427 1409 fere

281 1446 538 1498 temporibus
567 1450 675 1492 sunt,
705 1445 775 1497 qui
805 1444 1125 1497 discrepantiam
1154 1444 1271 1485 illam
1303 1449 1377 1485 aut
1395 1444 1543 1485 tollere
1562 1449 1636 1486 aut
1657 1445 1842 1486 minuere
1861 1444 2068 1487 studeant.
2111 1444 2265 1488 Eorum
2286 1449 2426 1488 autem

281 1538 533 1578 quamquam
564 1537 645 1563 non
675 1523 864 1576 vitupero
893 1521 1089 1571 studium,
1118 1526 1259 1563 tamen
1288 1525 1377 1563 tam
1406 1521 1478 1563 diu
1506 1535 1663 1572 vereor,
1693 1536 1744 1564 ne
1774 1522 1916 1563 anima
1944 1522 2087 1564 mundi
2113 1523 2325 1566 Platonica
2356 1523 2430 1565 ob-

280 1602 477 1643 scuritate
507 1602 692 1641 involuta
721 1601 785 1649 sit,
815 1614 940 1654 quam
971 1599 1041 1640 diu
1071 1600 1122 1640 de
1151 1599 1315 1640 vinculo
1344 1599 1551 1647 dubitant.
1586 1615 1667 1654 quo
1697 1599 1815 1642 ideae
1845 1605 1887 1642 et
1917 1617 1982 1642 res
2011 1601 2313 1644 contineantur.
