2944 3880
1567 375 1615 413 14

710 527 864 570 Omnes
896 527 941 569 hi
970 526 1155 570 Platonis
1183 528 1432 584 interpretes
1460 543 1619 572 errasse
1649 529 1843 573 videntur
1871 529 2096 584 Martin01)
2132 529 2414 587 Steinharto2)
2448 532 2662 588 Zellero³)‚

507 609 578 663 qui
606 606 879 648 Plutarchum
891 607 927 661 ⁴)
956 610 999 648 et
1026 606 1221 649 Proclum
1233 608 1267 660 ⁵)
1304 613 1544 661 sequuntur.
1603 604 1792 664 θάτερον
1830 608 1941 651 enim
1980 623 2062 651 non
2098 608 2233 652 solum
2269 609 2538 655 tribuendum
2573 627 2660 656 esse

506 687 704 728 dixerunt
731 685 1009 734 substantiae,
1048 699 1156 738 quae
1191 685 1303 726 circa
1339 700 1516 739 corpora
1551 686 1720 729 dividua
1754 687 1828 737 sit,
1869 686 1941 728 sed
1970 686 2097 729 etiam
2126 687 2395 742 conjunctum
2423 704 2512 733 esse
2542 705 2659 746 posse

507 778 603 805 cum
640 764 874 806 substantia
908 763 1144 812 individua,
1182 763 1294 815 quod
1322 763 1485 805 diversa
1512 764 1566 806 sit
1594 779 1621 806 a
1648 764 1829 814 diverso,
1873 761 2027 807 ταύτὸν
2056 768 2198 808 autem
2229 779 2312 809 non
2341 766 2475 810 solum
2503 768 2660 812 adhae-

507 856 668 884 rescere
706 841 961 883 substantiae
998 840 1252 890 individuae,
1301 839 1374 882 sed
1416 842 1544 883 etiam
1586 841 1842 885 substantiae
1882 841 2096 891 dividuae3
2145 857 2242 886 nam
2278 858 2330 886 ne
2367 858 2455 888 esse
2490 846 2656 900 quidem

506 935 600 964 eam
628 934 769 977 posse,
806 920 842 961 si
868 915 1024 960 ταύτὸν
1052 918 1090 960 ei
1118 918 1248 960 tribui
1278 932 1359 960 non
1388 923 1539 973 posset.
1600 921 1761 963 Deinde
1789 917 1945 963 ταύτὸν
1974 921 2008 963 si
2037 934 2200 976 semper
2229 921 2380 965 inesset
2406 924 2467 979 τῷ
2496 920 2655 980 ἄμερεῑ,

507 997 696 1056 θάτερον
724 1001 785 1055 τῷ
811 1000 1011 1054 μεριστῷ,
1041 997 1230 1039 futurum
1258 1012 1359 1048 esse,
1388 1002 1436 1039 ut
1464 1002 1687 1053 utrumque
1712 1000 1805 1055 jam
1833 999 2115 1043 contineretur
2144 1000 2187 1042 in
2215 1001 2379 1044 animae
2407 1001 2657 1055 substantia,

507 1080 660 1135 quippe
688 1091 795 1133 quae
822 1076 936 1119 facta
964 1079 1072 1119 esset
1099 1089 1151 1118 ex
1180 1076 1391 1120 individuo
1419 1081 1462 1119 et
1489 1076 1679 1127 dividu03
1723 1079 1865 1133 itaque
1894 1092 1977 1121 non
2005 1078 2105 1121 satis
2133 1080 2332 1135 cognosci,
2362 1094 2436 1123 cur
2463 1079 2576 1124 facta
2604 1083 2657 1125 sit

506 1159 642 1202 altera
670 1158 745 1200 illa
772 1156 929 1199 mixtio.
980 1156 1243 1210 Quamquam
1263 1154 1468 1198 Martinus
1487 1159 1530 1198 et
1549 1155 1734 1199 Zellerus
1762 1157 2041 1200 substantiam
2068 1157 2324 1199 individuam
2352 1158 2496 1201 dicunt
2525 1162 2657 1216 magis

505 1241 726 1293 cognatam
755 1249 842 1277 esse
871 1232 1030 1290 ταύτῷ,
1072 1233 1285 1276 dividuam
1315 1233 1501 1291 θατέρῳ.
1560 1234 1642 1277 Sed
1670 1249 1752 1289 quo
1788 1235 1833 1277 id
1863 1236 1960 1290 jure
1989 1235 2165 1287 faciant,
2204 1250 2227 1278 e
2257 1237 2442 1280 Platonis
2470 1240 2656 1282 oratione

503 1302 586 1359 non
614 1327 825 1370 cognosco.

702 1393 863 1436 Horum
892 1393 1075 1435 virorum
1103 1392 1359 1448 argumentis
1387 1406 1641 1448 quamquam
1678 1392 1857 1435 multum
1893 1391 2164 1435 tribuendum
2201 1397 2281 1444 est,
2320 1398 2459 1437 tamen
2498 1409 2654 1445 vereor,

501 1489 554 1517 ne
583 1472 857 1516 Plutarchum
886 1475 929 1514 et
958 1471 1153 1514 Proclum
1183 1472 1316 1526 magis
1344 1471 1579 1515 audiverint
1606 1486 1733 1527 quam
1761 1471 1979 1514 Platonem
2008 1472 2155 1527 ipsum.
2215 1472 2309 1515 Iure
2347 1474 2459 1516 enim
2497 1476 2654 1529 optimo

501 1551 833 1607 Ueberwegiuse)
863 1551 918 1593 ad
946 1551 1056 1592 hanc
1084 1564 1174 1592 rem
1203 1549 1493 1605 explicandam
1522 1550 1659 1594 locum
1689 1551 1835 1593 attulit
1863 1549 2163 1606 gravissimum,
2193 1551 2263 1606 qui
2292 1551 2443 1606 legitur
2467 1567 2506 1607 p.
2526 1557 2579 1597 37
2595 1554 2652 1596 Β;

498 1629 624 1688 λόγος
661 1628 710 1674 δὲ
747 1626 771 1672 ὁ
808 1628 918 1673 κατὰ
954 1625 1109 1672 ταύτὸν
1148 1624 1316 1685 ἀληθὴς
1353 1625 1604 1685 γιγνόμενος
1641 1628 1743 1685 περί
1780 1645 1826 1672 τε
1856 1625 2045 1685 θάτερον
2083 1623 2132 1671 ὃν
2169 1628 2241 1672 καὶ
2278 1629 2458 1686 περὶτὰ
2486 1627 2653 1684 ταύτόν,

500 1711 546 1755 ἐν
574 1715 636 1767 τῷ
663 1709 900 1766 κινουμένῳ
928 1707 999 1766 ὑφ)
1022 1706 1154 1751 αὑτοῦ
1178 1705 1416 1765 φερόμενος
1445 1705 1543 1752 ἄνευ
1572 1706 1771 1766 φθόγγου
1801 1707 1873 1752 καὶ
1900 1705 2012 1766 ἠχῆς,
2043 1705 2146 1750 ὅταν
2173 1707 2253 1763 μὲν
2285 1708 2386 1766 περὶ
2413 1709 2463 1753 τὸ
2492 1708 2652 1767 αἰσθη-

497 1791 572 1834 τὸν
600 1788 794 1846 γίγνηται
824 1788 896 1832 καὶ
925 1785 949 1831 ὁ
976 1790 1054 1831 τοῦ
1073 1786 1265 1845 θατέρου
1294 1784 1446 1839 κύκλος
1474 1785 1612 1845 ὀρθὸς
1641 1784 1698 1831 ὢν
1727 1786 1791 1839 εἷς
1820 1791 1967 1831 πᾶσαν
1996 1785 2126 1830 αὐτοῦ
2153 1786 2230 1844 τὴν
2261 1787 2396 1845 ψυχὴν
2425 1788 2652 1846 διαγγείλῃ,

498 1867 621 1923 δόξαι
650 1867 723 1911 καὶ
752 1865 927 1918 πίστεις
955 1865 1169 1923 γίγνονται
1200 1866 1375 1930 βέβαιοι
1405 1865 1476 1909 καὶ
1505 1863 1688 1925 ἀληθεῖς
1713 1882 1720 1889 ·
1754 1865 1857 1911 ὅταν
1886 1866 1934 1909 δὲ
1965 1860 2017 1909 αἶ·
2048 1865 2149 1922 περὶ
2179 1865 2228 1908 τὸ
2258 1866 2500 1922 λογιστικὸν
2528 1861 2555 1924 ᾖ
2584 1868 2654 1910 καὶ

499 1949 523 1993 ὁ
551 1951 627 1992 τοῦ
655 1945 813 1990 ταύτοῦ
842 1942 993 1995 κύκλος
1024 1942 1221 2001 εἷ’ντροχος
1250 1943 1308 1987 ὢν
1339 1943 1446 1988 αὐτὰ
1473 1944 1648 2003 μηνύσῃ,
1671 1950 1768 1997 νοῦς
1787 1943 2006 2003 ἐπιστήμη
2026 1962 2073 1988 τε
2093 1943 2140 1997 ἐξ
2159 1942 2340 2001 ἀνάγκης
2360 1942 2652 1989 ἀποτελεῖται.

500 2027 676 2070 Animae
704 2026 834 2081 igitur
862 2025 1037 2079 agitatio
1066 2025 1219 2065 dicitur
1247 2025 1393 2075 oratio,
1423 2039 1530 2078 quae
1560 2026 1719 2078 pariter
1747 2040 1845 2067 vera
1873 2025 2025 2075 evadit,
2055 2026 2137 2066 sive
2166 2028 2355 2065 versatur
2382 2025 2426 2065 in
2454 2039 2516 2075 eo,
2542 2025 2653 2078 quod

497 2107 608 2167 idem
647 2109 729 2156 est,
769 2104 854 2146 sive
883 2104 927 2145 in
956 2116 1024 2154 eo,
1062 2103 1174 2158 quod
1203 2104 1384 2145 alterum
1414 2108 1487 2145 est.
1548 2103 1590 2145 Si
1620 2108 1808 2146 versatur
1836 2104 1879 2145 in
1908 2104 1978 2154 iis,
2016 2118 2122 2158 quae
2152 2103 2337 2145 sensibus
2366 2103 2654 2158 percipiuntur

495 2191 538 2228 et
576 2185 752 2228 alterius
789 2183 985 2225 circuitus
1024 2196 1107 2224 non
1144 2182 1368 2238 impeditus
1406 2182 1469 2233 id,
1509 2183 1620 2237 quod
1659 2184 1904 2238 percipitur,
1944 2198 2038 2224 cum
2076 2186 2166 2224 tota
2194 2182 2333 2224 anima
2363 2182 2652 2232 communicat,

501 2266 647 2307 firmae
676 2267 720 2306 et
748 2276 869 2305 verae
899 2265 1128 2304 nascuntur
1156 2262 1370 2316 opiniones
1399 2267 1441 2305 et
1469 2261 1766 2318 persuasiones.
1812 2262 1853 2305 Si
1884 2277 1979 2305 vero
2007 2263 2149 2305 anima
2180 2264 2368 2303 versatur
2387 2262 2429 2303 in
2454 2263 2517 2313 iis,
2545 2276 2652 2317 quae

495 2344 646 2387 mentis
682 2347 723 2385 et
772 2340 943 2383 rationis
979 2344 1076 2383 sunt
1113 2341 1336 2396 participia
1372 2347 1414 2384 et
1451 2342 1636 2397 ejusdem
1675 2343 1872 2384 circuitus
1907 2345 2019 2384 recte
2055 2341 2245 2397 procedit
2280 2345 2322 2383 et
2361 2341 2654 2396 intellegibilia

499 2422 670 2471 indicat,
700 2421 986 2475 intellegentia
1015 2425 1057 2461 et
1085 2421 1258 2462 scientia
1294 2422 1525 2463 necessario
1561 2421 1799 2463 absolvitur.
1860 2422 1974 2463 Haec
2011 2422 2081 2476 qui
2120 2421 2239 2476 legit,
2280 2422 2317 2462 ei
2354 2421 2526 2463 dubium
2565 2435 2651 2462 esse

495 2515 577 2542 non
616 2504 773 2554 potest,
815 2499 915 2552 quin
944 2497 994 2539 τὸ
1026 2495 1212 2553 θάτερον
1246 2500 1513 2554 conjunctum
1543 2514 1631 2541 esse
1660 2499 1825 2542 dicatur
1855 2515 1950 2542 cum
1980 2500 2124 2548 rebus,
2169 2512 2275 2553 quae
2305 2499 2490 2541 sensibus
2518 2499 2651 2553 perci-

495 2580 668 2635 piuntur
696 2578 808 2633 (τοῖς
828 2574 1092 2634 αἰσθητοῖς),
1122 2577 1174 2621 τὸ
1192 2575 1347 2621 ταίτὸν
1376 2592 1469 2620 cum
1499 2578 1561 2629 iis,
1592 2592 1698 2633 quae
1728 2579 1866 2621 animo
1895 2582 1938 2621 et
1966 2577 2216 2634 cogitatione
2242 2576 2650 2632 comprehenduntur

495 2660 608 2709 (τοῖς
636 2658 926 2712 λογιστικοῖς).
989 2657 1076 2699 Iam
1106 2672 1202 2699 vero
1231 2672 1338 2712 quae
1367 2658 1443 2700 sub
1473 2673 1614 2700 sensms
1643 2658 1818 2708 cadunt,
1858 2672 1908 2700 ea
1937 2657 2113 2699 vidimus
2142 2671 2229 2698 esse
2268 2655 2316 2698 τὸ
2349 2654 2450 2711 περὶ
2478 2653 2532 2697 τὰ
2562 2651 2646 2696 σώ-

491 2752 610 2790 ματα
640 2737 723 2778 sive
752 2735 861 2777 κατὰ
890 2735 944 2777 τὰ
973 2732 1154 2789 σώματα
1181 2734 1396 2792 μεριστόν,
1428 2738 1587 2780 ratione
1617 2742 1757 2780 autem
1786 2751 1892 2792 quae
1923 2735 2210 2791 percipiuntur
2238 2749 2324 2777 esse
2346 2733 2396 2777 τὸ
2416 2730 2648 2789 ἀμέριστον

492 2815 562 2857 καὶ
592 2812 658 2857 ἀεὶ
689 2816 796 2857 κατὰ
824 2812 959 2857 τὰῦτὰ
988 2811 1082 2866 ἔχον
1112 2816 1193 2857 sivo
1237 2814 1283 2856 τὸ
1313 2813 1478 2870 α’,ιιερές.
1537 2816 1618 2859 Sed
1647 2817 1747 2871 quid
1777 2821 1839 2859 est
1868 2810 2042 2868 ταύτόν)
2082 2812 2182 2870 quid
2215 2809 2429 2868 θάτερονῖ)
2486 2813 2647 2856 Harum

693 3022 722 3062 ¹)
758 3019 772 3053 1
807 3032 838 3064 p.
864 3020 931 3055 358
955 3031 1004 3062 sq.

689 3076 721 3118 2)
757 3086 790 3120 p.
815 3076 868 3110 97.
893 3077 971 3110 234.
1010 3074 1060 3110 cf.
1087 3074 1141 3109 111
1165 3085 1197 3119 p.
1225 3075 1300 3109 465.

692 3133 723 3174 ³)
759 3142 793 3176 p.
812 3132 877 3165 491
903 3136 975 3166 not.
992 3133 1020 3164 l.
1047 3133 1158 3176 p.495
1182 3136 1253 3165 not.
1268 3134 1298 3163 2.

690 3191 721 3228 ⁴)
758 3198 792 3230 p.
819 3189 906 3221 1024
930 3188 972 3221 D.

689 3245 722 3286 ⁶)
759 3255 791 3288 p.
818 3243 893 3278 187.

688 3304 718 3340 θ)
754 3310 787 3344 p.
813 3301 855 3333 45
880 3311 929 3343 sq.
