2944 3880
1162 336 1191 340 ,
1220 282 1395 341 ,μμ-ιζ

289 434 524 490 cogitantur
566 433 649 477 sive
685 447 825 476 rerum
861 433 1115 476 substantias
1127 434 1170 489 ¹).
1235 434 1350 485 Quae
1391 447 1485 476 cum
1531 436 1591 476 ita
1632 434 1733 484 sint,
1783 433 1971 477 idearum
2016 433 2291 476 substantiam
2332 435 2427 487 jure

288 513 442 556 dixeris
469 526 496 555 a
524 513 696 555 Platone
724 513 906 568 primum
935 513 1098 556 animae
1126 511 1363 555 mundanae
1391 512 1642 557 elementum
1670 511 1946 568 significatum
1975 526 2071 555 esse.

488 591 699 643 Alterum,
730 607 752 634 e
780 606 861 646 quo
890 590 1072 635 conflata
1099 591 1251 635 dicitur
1278 591 1419 634 anima
1446 591 1604 645 mundi,
1634 595 1699 635 est
1725 589 1750 647 ἡ
1781 589 1881 647 περὶ
1910 590 1965 634 τὰ
1993 587 2171 645 σώματα
2198 590 2421 647 γιγνομένη

286 670 465 727 μεριστὴ
494 667 619 714 οὐσία
653 671 736 713 sive
765 669 815 713 τὸ
843 669 952 712 κατὰ
979 668 1034 712 τὰ
1062 665 1250 724 σώματά
1269 667 1483 725 μεριστόν.
1542 671 1631 714 Hoc
1666 674 1807 713 autem
1843 671 2093 714 elementum
2131 671 2325 725 quoniam
2362 676 2424 712 est

286 748 512 800 dividuum,
541 749 668 791 etiam
695 747 929 791 σκεδαστὸν
957 749 1150 804 dicitur²)
1178 753 1317 804 atque,
1347 763 1441 790 cum
1470 751 1507 792 ei
1537 751 1774 804 oppositum
1804 750 1857 792 sit
1883 749 1993 804 quod
2021 763 2186 804 semper
2211 749 2321 791 idem
2349 756 2423 795 est,

286 843 498 884 nunquam
533 827 601 880 fit,
642 827 685 871 id
722 841 971 883 consequens
1008 832 1071 871 est
1106 840 1269 883 semper
1303 825 1415 879 fieri,
1455 841 1667 884 nunquam
1696 841 1783 872 esse
1794 828 1839 884 ³).
1900 829 1989 870 Iam
2018 827 2129 882 quod
2158 826 2206 869 fit
2235 831 2277 869 et
2303 828 2424 881 perit,

284 921 430 949 revera
457 911 597 950 autem
626 921 839 962 nunquam
868 911 942 958 est,
972 908 1162 962 opinione
1191 911 1234 948 et
1261 920 1396 957 sensu,
1425 908 1496 961 qui
1524 909 1697 950 rationis
1726 921 1873 962 expers
1902 912 1977 958 est,
2007 905 2423 962 comprehenditur-⁴).

285 986 362 1028 sub
390 1000 531 1029 sensus
560 986 682 1028 cadit.
741 985 860 1037 Quod
889 985 923 1027 si
951 984 1103 1028 dicitur
1130 981 1284 1040 ὁρατόν
1296 985 1351 1040 5),
1387 999 1469 1027 non
1505 985 1638 1028 solum
1666 986 1709 1029 id
1738 987 1851 1029 cerni
1886 1001 2004 1042 posse
2038 985 2314 1040 significatur,
2353 985 2422 1026 sed

284 1066 396 1120 quod
423 1067 533 1107 visus
561 1080 754 1107 sensuum
782 1064 1158 1119 praestantissimus
1187 1063 1367 1107 habetur
1392 1063 1566 1120 ideoque
1588 1065 1771 1107 omnium
1790 1079 1982 1108 sensuum
2004 1066 2135 1106 instar
2154 1069 2229 1114 est,
2258 1064 2424 1106 omnino

285 1144 472 1187 sensibus
509 1144 553 1186 id
582 1143 737 1199 percipi
750 1144 795 1199 ὃ).
855 1143 903 1186 Id
931 1157 1047 1193 vero,
1082 1141 1193 1198 quod
1221 1142 1496 1198 sempiternae
1525 1144 1795 1186 vicissitudini
1824 1144 2046 1186 obnoxium
2079 1150 2139 1185 est
2169 1151 2207 1184 et
2240 1143 2424 1184 sensibus

284 1223 526 1280 percipitur,
555 1220 728 1280 μίμημα
757 1221 908 1266 dicitur
938 1219 1287 1279 παραδείγματος
1298 1225 1332 1277 ⁷)
1361 1222 1401 1263 h.
1423 1236 1456 1263 e..
1489 1237 1626 1265 rerum
1657 1223 1910 1264 universitas.

485 1302 566 1346 Sed
602 1307 649 1345 ut
687 1302 731 1345 id
784 1318 805 1345 e
843 1303 957 1357 ipsae
987 1316 1067 1344 non
1103 1302 1236 1344 inesse
1272 1301 1468 1344 dicunt-ur
1506 1303 1548 1344 in
1586 1302 1725 1345 anima
1763 1302 1927 1353 mundi,
1966 1304 2025 1344 ita
2063 1317 2113 1343 ne
2152 1317 2216 1344 res
2255 1300 2420 1356 quidem

284 1384 408 1436 ipsae.
469 1382 610 1436 Neque
640 1396 735 1424 vero
764 1389 875 1423 recte
905 1380 1024 1423 Plato
1054 1395 1119 1423 res
1147 1381 1301 1424 habere
1331 1382 1465 1436 potuit
1495 1386 1657 1436 partem
1688 1383 1796 1436 ejus,
1836 1383 1876 1422 in
1906 1397 1986 1436 quo
2022 1382 2138 1424 ideae
2171 1383 2261 1435 jam
2291 1382 2423 1423 conti-

283 1464 471 1503 neantur.
531 1459 579 1502 In
608 1459 732 1503 rebus
761 1461 890 1510 enim,
929 1459 1125 1514 quoniam
1154 1460 1344 1502 idearum
1374 1465 1470 1501 sunt
1499 1461 1740 1507 simulacra,
1770 1461 1886 1502 ideae
1910 1462 1999 1514 jam
2029 1462 2188 1510 insunt,
2219 1464 2422 1513 quatenus

281 1540 331 1581 iis
360 1540 490 1580 inesse
520 1544 701 1593 possunt.
762 1540 821 1581 Ac
850 1538 969 1580 Plato
997 1539 1084 1592 ipse
1114 1539 1253 1580 anima
1282 1538 1426 1581 mundi
1457 1539 1547 1593 jam
1585 1540 1693 1582 facta
1724 1543 1859 1581 ortum
1892 1554 1977 1581 esse
2007 1539 2108 1581 dicit
2138 1540 2227 1580 πᾶν
2256 1536 2306 1580 τι)
2337 1553 2421 1579 σω-

281 1614 508 1669 ματοειδές
520 1618 565 1671 8).
621 1617 757 1668 Quare
786 1630 948 1659 necesse
979 1620 1041 1658 est
1069 1616 1257 1658 idearum
1288 1617 1546 1659 substantiae
1577 1618 1615 1659 h.
1639 1619 1663 1659 l.
1696 1619 1846 1672 opponi
1876 1618 2163 1663 substantiam,
2193 1630 2298 1671 quae
2328 1631 2421 1657 cuin

282 1696 373 1736 unis
410 1695 542 1737 subsit
577 1696 837 1750 corporibus,
878 1695 1065 1736 idearum
1104 1695 1209 1737 nihil
1245 1696 1287 1736 in
1325 1709 1366 1736 se
1404 1696 1622 1737 contineat.
1683 1696 1717 1738 Τ
1719 1696 1797 1738 alis
1834 1701 1972 1738 autem
2012 1709 2150 1736 rerum
2189 1695 2418 1736 substantia

282 1774 359 1814 nisi
389 1774 467 1814 hoc
496 1774 585 1815 loco
614 1774 657 1815 in
687 1774 820 1827 prima
851 1774 1009 1815 Timaei
1048 1778 1166 1826 parte
1202 1787 1284 1815 non
1314 1780 1669 1816 commemoratur.
1730 1774 1871 1828 Neque
1909 1773 1950 1815 id
1989 1775 2150 1815 mirum.
2211 1773 2275 1814 Ea
2311 1773 2419 1814 enim

282 1851 551 1906 philosophus
579 1856 743 1894 tantum
772 1851 905 1893 utitur
934 1851 989 1893 ad
1017 1851 1200 1893 animam
1230 1850 1374 1892 mundi
1402 1851 1740 1894 conformandam
1769 1853 1928 1906 pariter
1956 1857 2079 1905 atque
2108 1852 2296 1893 idearum
2325 1851 2421 1891 sub-

281 1930 456 1980 stantia,
496 1930 614 1985 cujus
649 1930 764 1972 nullo
803 1930 885 1971 alio
923 1929 1013 1972 loco
1043 1944 1068 1972 a
1096 1929 1267 1971 Platone
1298 1930 1343 1971 fit
1376 1932 1541 1972 mentio.
1600 1931 1680 1973 Sed
1710 1932 1861 1972 mirum
1893 1931 2069 1984 cuipiam
2100 1929 2307 1979 videatur,
2346 1943 2421 1970 cur

280 2023 419 2051 rerum
455 2009 530 2050 illa
559 2008 789 2051 substantia
821 2025 844 2050 a
875 2008 1046 2051 Platone
1077 2008 1187 2050 dicta
1218 2009 1272 2050 sit
1302 2008 1401 2063 περὶ
1431 2008 1485 2051 ’τὰ
1514 2006 1693 2064 σώματα
1719 2008 1941 2066 γιγνομένη
1972 2007 2146 2066 μςριστι)
2178 2004 2301 2049 σι’·σιά
2338 2008 2419 2049 six-‹—

280 2087 330 2130 τὸ
359 2087 467 2131 κατὰ
494 2087 550 2131 τὰ
579 2085 758 2143 σώματα
786 2084 1001 2144 μεριστόν.
1061 2088 1149 2130 Hac
1178 2088 1337 2130 ratione
1368 2066 1487 2131 l3lat0
1517 2104 1608 2132 cum
1646 2090 1822 2132 alterum
1865 2089 2028 2130 animae
2067 2087 2301 2130 mundanae
2339 2086 2423 2127 ele-

280 2172 465 2209 mentum
501 2167 772 2216 describeret,
813 2168 965 2211 nemini
1006 2167 1177 2210 dubium
1217 2168 1316 2215 erit,
1356 2169 1454 2223 quin
1493 2170 1582 2224 ejus
1620 2170 1747 2212 menti
1772 2170 1861 2224 jam
1893 2169 2154 2210 obversatum
2185 2167 2239 2208 sit
2269 2167 2332 2212 id,
2371 2166 2422 2207 de

279 2261 360 2300 quo
390 2247 432 2287 iu
461 2246 596 2288 altera
624 2246 780 2302 dialogi
810 2250 929 2301 parte
959 2247 1159 2289 disserere
1189 2246 1344 2301 incipit.
1390 2247 1502 2303 Ibi9)
1530 2250 1637 2290 enim
1669 2249 1773 2290 ideis
1801 2254 1843 2289 et
1872 2247 1994 2289 rebus
2013 2261 2154 2289 earum
2176 2246 2421 2290 simulacris,

281 2325 331 2365 de
361 2324 510 2378 quibus
538 2325 674 2379 prima
702 2325 858 2379 dialogi
885 2328 1003 2379 parte
1034 2325 1289 2379 exponit¹⁰)‚
1328 2325 1521 2381 adjungit
1548 2328 1737 2375 tertium,
1768 2328 1984 2368 materiam
2015 2324 2265 2380 primitivam
2296 2338 2420 2377 quam

281 2403 433 2445 dicunt.
490 2403 619 2457 Cujus
648 2402 699 2443 de
728 2403 894 2445 notione
923 2416 1175 2456 quamquam
1205 2402 1382 2445 multum
1412 2403 1689 2459 disceptatum
1718 2410 1793 2451 est,
1822 2410 1962 2446 tamen
1992 2403 2115 2444 hodie
2145 2404 2253 2444 inter
2281 2418 2423 2444 omncs

278 2483 362 2524 scre
399 2486 560 2524 constat
596 2480 803 2523 infinitum
842 2480 967 2529 illud,
1011 2479 1121 2535 quod
1158 2481 1290 2522 onmis
1329 2480 1483 2524 forma(-
1521 2497 1667 2538 expers
1705 2488 1786 2526 ost,
1834 2482 1993 2523 Platoni
2034 2496 2119 2521 esse
2159 2481 2338 2534 spatium
2356 2486 2421 2533 ¹¹).

494 2628 522 2672 ¹)
559 2627 760 2672 Ueberweg.
784 2638 818 2672 p.
835 2629 887 2662 44.
916 2628 969 2661 55.

491 2687 520 2727 2)
557 2695 590 2728 p.
615 2685 658 2718 37
682 2684 726 2718 A.

491 2742 521 2783 ³)
557 2751 590 2784 p.
615 2742 659 2774 27
681 2740 723 2774 E.
761 2740 810 2774 Cf.
839 2740 1039 2784 [jeberweg.
1064 2751 1095 2784 p.
1118 2741 1171 2773 47».

491 2798 521 2840 ⁴)
557 2808 590 2842 p.
615 2797 659 2832 28
681 2797 724 2831 A.

489 2856 521 2896 ⁶)
557 2865 591 2898 p.
615 2854 660 2887 48
684 2853 724 2887 Ε.

490 2911 521 2953 ⁸)
556 2909 600 2944 cf.
626 2909 815 2944 Steinhart.
843 2910 871 2943 Υ
898 2922 930 2953 p.
955 2910 1030 2944 215.

492 2967 521 3008 ¹)
556 2977 590 3010 p.
614 2967 659 3000 48
682 2965 724 3000 E.

492 3023 523 3065 ⁸)
558 3033 591 3067 p.
617 3023 661 3056 36
685 3021 726 3056 D.
762 3021 961 3065 [leherweg.
983 3023 1083 3065 p.46.

491 3079 522 3120 ⁹)
557 3089 591 3122 p.
614 3078 659 3110 48
681 3077 723 3110 E.

481 3136 525 3176 ²⁰)
558 3144 593 3178 p.
617 3135 660 3168 27
684 3133 725 3168 E.

482 3192 525 3233 ¹¹)
563 3189 752 3225 Steinhart.
780 3190 823 3224 vl
851 3202 882 3235 p.
912 3192 974 3224 115
997 3201 1047 3234 sq.
1094 3189 1218 3225 Zeller.
1243 3201 1276 3234 p.
1301 3191 1364 3224 457
1391 3201 1439 3232 sq.
