2944 3880
1382 287 1405 290 ἡ
1534 230 1754 290 emm

482 388 669 443 exposita
711 391 809 428 sunt
845 386 960 428 nullo
996 385 1120 428 modo
1155 384 1348 427 videntur
1385 386 1599 428 concinere
1635 399 1730 428 cum
1772 385 1962 428 universa
1998 385 2182 427 Platonis
2221 384 2411 427 doctrina
2424 385 2468 440 ¹).
2535 384 2627 428 Non

483 467 593 509 male
620 466 762 521 igitur,
792 464 903 520 quod
922 465 1043 507 Plato
1071 465 1144 507 illo
1172 465 1264 506 loco
1291 464 1474 506 animam
1504 464 1660 506 malam
1680 469 1988 515 commemorat,
2008 465 2069 506 ita
2088 464 2426 518 Stallbaumius2)
2446 469 2627 514 excusat,

483 550 531 587 ut
558 545 617 587 ibi
645 558 741 586 eum
772 545 980 586 communi
1008 543 1204 598 loquendi
1232 555 1346 584 more
1373 542 1434 583 uti
1465 542 1577 584 dicat
1605 547 1647 584 et
1675 543 1940 585 conveniente
1969 542 2291 598 colloquentium
2311 543 2463 599 captui,
2494 541 2630 585 Stein-

481 625 670 679 hattus-2)
699 628 842 666 autem
870 623 949 674 ita,
979 626 1027 664 ut
1054 622 1283 672 Platonem,
1313 635 1407 663 cum
1436 620 1511 663 illa
1539 621 1749 673 scriberet,
1779 621 1911 676 magis
1940 622 2164 676 respexisse
2194 622 2306 665 dicat
2335 637 2400 665 res
2429 623 2626 677 objectas,

482 703 526 745 in
567 702 718 758 quibus
759 706 926 758 praeter
968 705 1103 745 motus
1139 699 1341 755 perfectos
1376 704 1418 742 et
1453 700 1624 742 rationis
1661 701 1884 754 participes
1921 702 2045 742 etiam
2084 703 2346 743 inveniantur
2381 703 2451 756 qui
2489 703 2629 743 omnia

482 780 655 825 turbare
684 781 913 824 videantur.
975 781 1088 832 Quae
1118 792 1184 821 res
1220 792 1329 835 cum*
1349 778 1409 820 ita
1438 778 1540 829 sint,
1578 778 1749 833 quisque
1779 778 1996 828 concedet,
2028 779 2177 829 locum,
2208 781 2277 834 qui
2308 796 2333 822 a
2362 781 2534 823 Platone
2570 781 2627 822 ita

485 861 663 916 scriptus
699 861 771 913 sit,
808 864 855 903 ut
890 875 916 902 a
952 857 1113 913 vulgari
1148 856 1421 911 popularique
1450 872 1570 899 sensu
1600 872 1682 900 non
1711 857 1955 909 abhorreat,
1998 874 2078 900 non
2110 861 2203 911 jure
2232 875 2482 913 quemquam
2512 874 2631 913 posse

485 938 684 982 adhibere
724 938 779 981 ad
822 936 1179 992 interpretandum
1213 935 1372 986 locum,
1420 950 1501 990 quo
1538 936 1807 992 philosophus
1845 936 1896 979 (le
1934 937 2057 979 rebus
2096 937 2315 979 reconditis
2352 943 2394 979 et
2430 938 2631 979 abstrusis

485 1017 694 1059 subtiliter
723 1020 765 1058 et
794 1016 1006 1071 eleganter
1035 1014 1221 1056 disserat.
1282 1013 1453 1057 Accedit
1488 1014 1598 1068 quod
1638 1015 1680 1057 in
1710 1015 1879 1058 Timaeo
1918 1016 2005 1070 ipso
2043 1030 2093 1057 ne
2125 1016 2341 1070 vestigium
2370 1016 2536 1069 quidem
2565 1030 2631 1057 re-

484 1095 645 1151 peritur
672 1095 836 1138 animae
865 1093 976 1136 illius
1005 1092 1231 1137 maleficae.
1290 1092 1453 1136 Scilicet
1480 1093 1521 1135 in
1552 1108 1600 1135 eo
1629 1094 1815 1149 quidem,
1853 1109 2119 1149 quaecunque
2152 1099 2248 1137 sunt
2278 1095 2390 1137 mala
2418 1095 2459 1136 in
2490 1110 2630 1137 reruni

485 1174 772 1224 universitate,
802 1177 1049 1228 repetuntur
1077 1187 1099 1214 e
1129 1173 1356 1227 materia4).
1418 1172 1501 1215 Nec
1532 1177 1643 1215 recte
1672 1172 1824 1215 dixeris
1853 1174 2032 1216 animam
2064 1173 2343 1215 inordinatum
2374 1189 2397 1214 a
2429 1174 2588 1214 ratione
2596 1177 2632 1227 ⁵)

484 1266 571 1294 esse
598 1255 792 1306 pacatam
822 1257 864 1293 et
893 1251 1107 1305 digestam.
1154 1251 1262 1292 Nam
1290 1250 1346 1299 id,
1376 1251 1486 1304 quod
1519 1253 1557 1292 in
1588 1251 1775 1293 ordinem
1794 1252 2008 1307 redigitur,
2038 1257 2100 1293 est
2122 1254 2210 1292 πᾶν
2230 1248 2332 1293 ὅσον
2352 1244 2401 1307 ἦν
2421 1249 2629 1306 ὁρατόνθ),

483 1331 622 1372 anima
650 1344 747 1372 vero
776 1330 894 1371 nulla
922 1331 1035 1372 cerni
1065 1330 1255 1383 potest7).
1307 1329 1586 1378 Quamobrem
1615 1330 1840 1371 rectissime
1865 1331 1956 1384 jam
1976 1331 2250 1383 Boeckhius8)
2279 1331 2438 1371 censuit
2467 1330 2631 1371 animae

485 1407 697 1451 maleficae
727 1409 768 1450 in
799 1408 966 1450 Timaeo
996 1407 1159 1449 nullum
1188 1407 1324 1449 locum
1352 1421 1439 1450 esse
1468 1408 1671 1450 relictum.
1958 1456 1962 1459 .

688 1488 753 1530 Ex
781 1487 914 1529 tribus
944 1487 1071 1541 igitur
1099 1486 1314 1528 elementis
1340 1483 1495 1528 ταύτοῦ
1518 1485 1705 1541 θατέρου
1728 1484 1876 1537 οὐσίας
1895 1487 2014 1529 Plato
2034 1488 2216 1530 animam
2238 1488 2378 1530 mundi
2403 1488 2629 1529 secundum

483 1567 663 1608 rationes
692 1565 1010 1608 mathematicas
1039 1568 1082 1605 et
1111 1564 1372 1606 harmonicas
1400 1566 1641 1620 composuit.
1701 1565 1849 1607 Totam
1887 1570 2026 1608 autem
2064 1567 2153 1621 ejus
2187 1580 2427 1621 compagem
2456 1567 2497 1608 in
2528 1565 2631 1608 duos

483 1645 604 1687 orbes
632 1644 782 1695 divisit,
812 1644 855 1685 in
884 1643 1028 1685 orbem
1057 1643 1243 1697 ejusdem
1271 1645 1353 1687 sive
1383 1644 1600 1687 stellarum
1629 1643 1820 1695 fixarum,
1848 1644 1919 1698 qui
1946 1649 2008 1687 est
2027 1646 2205 1687 exterior
2225 1650 2349 1701 atque
2369 1646 2629 1689 dextrorsum

482 1727 700 1777 torquetur
728 1723 768 1763 h.
786 1736 819 1763 e.
848 1722 902 1762 ab
933 1723 1090 1763 oriente
1119 1722 1373 1764 occidentem
1403 1736 1554 1773 versus,
1585 1727 1627 1763 et
1656 1722 1697 1764 in
1717 1722 1860 1765 orbem
1880 1722 2028 1766 diversi
2050 1724 2131 1766 sive
2152 1724 2367 1766 stellarum
2388 1724 2630 1775 errantium,

481 1802 553 1856 qui
580 1802 761 1843 exterior
789 1805 851 1843 est
881 1805 923 1842 et
951 1801 1231 1842 sinistrorsum
1260 1805 1447 1843 movetur
1476 1801 1515 1841 h.
1538 1815 1571 1842 e.
1603 1802 1656 1843 ab
1685 1802 1896 1844 occidente
1926 1803 2126 1845 orientem
2158 1805 2348 1858 versus⁹).
2405 1802 2632 1846 Stellarum

481 1879 661 1922 fixarum
690 1879 801 1922 orbis
829 1879 1027 1920 indivisus
1056 1883 1131 1929 est,
1160 1892 1360 1933 vagarum
1389 1879 1430 1920 in
1460 1882 1616 1933 septem
1647 1878 1846 1922 dividitur
1874 1881 2089 1937 partes10).
2133 1881 2222 1924 Hac
2242 1882 2401 1924 ratione
2422 1896 2471 1924 ex
2492 1883 2631 1924 anima

482 1958 639 2013 pendet
666 1958 811 2000 mundi
841 1959 927 1999 vita
955 1961 998 1999 et
1027 1958 1212 2012 agitatio.

682 2037 780 2078 Post
807 2035 990 2078 animam
1019 2039 1062 2077 et
1089 2035 1201 2077 intra
1236 2048 1329 2077 eam
1366 2035 1467 2077 deus
1504 2049 1624 2078 omne
1660 2036 1886 2080 fabricatus
1923 2043 2005 2090 est,
2044 2038 2153 2093 quod
2189 2044 2280 2080 erat
2317 2044 2553 2081 concretum
2590 2044 2633 2081 et

482 2128 739 2170 corporeum.
801 2115 951 2156 Anima
979 2118 1119 2155 autem
1157 2115 1199 2155 in
1233 2118 1368 2156 totum
1404 2114 1605 2157 mundum
1644 2115 1793 2158 diffusa
1828 2117 1955 2159 vitam
1993 2131 2116 2179 agere
2154 2119 2288 2172 coepit
2321 2119 2550 2173 sapientem
2589 2123 2632 2160 et

482 2191 776 2248 sempiternam
814 2197 961 2246 atque,
1005 2192 1200 2246 quoniam
1238 2207 1289 2234 ex
1325 2193 1460 2235 tribus
1497 2194 1578 2235 illis
1613 2194 1825 2237 elementis
1862 2192 2018 2238 ταύτοῦ
2047 2195 2236 2252 θατέρου
2267 2194 2414 2247 οὓσίας
2451 2196 2635 2240 conflata

482 2276 567 2323 est,
603 2287 680 2327 pro
709 2257 851 2314 eorum
882 2270 1019 2312 indole
1048 2284 1097 2312 ac
1126 2275 1279 2312 natura
1307 2273 1412 2314 vires
1440 2287 1535 2314 suas
1564 2278 1737 2317 exercet.
1797 2274 1942 2330 Itaque
1972 2276 2004 2317 si
2034 2289 2120 2327 res,
2149 2289 2256 2332 quae
2286 2277 2471 2319 sensibus
2498 2276 2633 2333 perci-

480 2351 665 2407 piuntur,
694 2351 863 2406 attingit
881 2351 947 2393 vel
965 2365 1044 2401 res,
1074 2365 1180 2404 quae
1209 2351 1286 2393 sub
1315 2352 1642 2407 intellegentiam
1671 2354 1839 2405 cadunt,
1868 2355 2064 2398 discernit
2093 2352 2178 2412 ὅτῳ
2207 2352 2242 2398 τ’
2272 2351 2323 2398 ἄν
2349 2373 2391 2400 τι
2422 2354 2576 2400 ταύτὸν
2605 2351 2632 2415 ᾖ

686 2587 715 2630 ¹)
749 2586 876 2622 Zeller.
902 2599 935 2631 p.
959 2588 1025 2622 635
1057 2591 1127 2621 not.
1153 2588 1183 2620 6.
1232 2587 1419 2623 Steinhart.
1446 2589 1511 2623 VII
1542 2592 1556 2622 l
1584 2602 1617 2632 p.
1643 2592 1708 2624 313
1734 2601 1781 2633 sq.

682 2645 713 2685 ²)
749 2642 793 2678 ad
818 2643 838 2678 l.
863 2643 884 2678 l.

683 2702 714 2742 ³)
751 2699 819 2732 VII
848 2703 864 2732 1
890 2710 923 2744 p.
949 2700 1015 2732 315
1040 2709 1090 2742 sq.

682 2759 713 2797 ⁴)
749 2756 874 2790 Zeller.
899 2767 932 2799 p.
957 2758 1023 2789 487
1048 2760 1120 2788 not.
1144 2757 1176 2788 4.
1212 2766 1246 2798 p.
1270 2757 1336 2790 635
1361 2763 1431 2790 not.
1459 2762 1488 2791 6.

682 2811 713 2855 ⁸)
748 2810 923 2847 Martinus
951 2809 967 2845 1
999 2823 1031 2856 p.
1056 2812 1121 2846 357
1154 2808 1218 2847 τὸν
1248 2815 1337 2848 νοῦν
1367 2818 1481 2848 ortum
1505 2823 1582 2848 esse
1608 2813 1691 2847 dicit
1716 2824 1735 2848 e
1759 2825 1892 2850 summo
1919 2815 1994 2850 deo.
2042 2816 2119 2859 Qua
2142 2817 2173 2849 in
2199 2827 2238 2850 re
2262 2821 2429 2861 quantum
2453 2819 2633 2861 erraverit,

481 2866 676 2902 docuerunt
701 2866 924 2902 Steinhartus
948 2866 997 2901 VI
1021 2878 1054 2913 p.
1080 2868 1122 2901 95
1148 2878 1196 2913 sq.
1223 2872 1258 2904 et
1281 2868 1448 2906 Zellerus.
1474 2881 1507 2915 p.
1522 2873 1585 2908 457
1611 2874 1682 2907 not.
1706 2872 1737 2905 4.

685 2926 716 2966 ο)
751 2924 839 2958 Tim.
865 2926 910 2958 30
932 2924 974 2956 A.

686 2980 715 3022 ⁷)
751 2979 836 3015 Ibid.
861 2992 895 3024 p.
917 2982 960 3015 36
978 2979 1021 3014 E.

685 3035 715 3078 ⁸)
751 3047 784 3081 p.
808 3037 852 3070 25
883 3046 933 3081 sq.

684 3093 715 3134 ⁹)
752 3092 908 3134 Boeckh,
931 3092 1042 3128 kosm.
1069 3095 1160 3141 Syst.
1185 3095 1216 3130 d.
1241 3096 1378 3130 Platon.
1404 3107 1439 3141 p.
1466 3097 1607 3130 28—32.

671 3149 714 3192 ¹⁰)
751 3147 837 3183 Tim.
863 3150 1069 3188 3513-36.
