2944 3880
1513 297 1537 338 8

446 451 616 494 modum
645 450 789 505 paullo
818 451 956 505 ante1)
984 450 1143 494 dictum
1172 452 1226 494 sit
1254 448 1364 493 οὕτω
1393 450 1444 507 δὴ
1474 447 1611 507 πυρός
1639 466 1686 493 τε
1714 450 1787 493 καὶ
1814 452 1890 508 γῆς
1917 448 2029 507 ὕδωρ
2058 447 2164 508 ἀέρα
2191 468 2239 495 τε
2267 452 2312 496 ἐν
2341 457 2459 514 μέσῳ
2477 460 2588 512 θείς,

446 529 530 573 Sed
565 541 841 584 quamquam,
878 529 914 571 si
949 529 1076 571 verba
1104 529 1184 571 hac
1211 530 1374 572 ratione
1404 529 1712 584 conjungimus,
1747 530 1797 571 iis
1833 530 1958 585 plane
1986 529 2179 572 videntur
2207 534 2456 586 respondere
2485 552 2591 593 quae

447 607 598 651 deinde
634 611 864 662 sequuntur
898 606 971 649 καὶ
1004 607 1114 650 κατὰ
1146 611 1281 651 ταῦτα
1318 607 1568 664 ξυνέστησεν
1605 607 1650 650 ἐν
1686 606 1806 664 μέσῳ
1843 611 1920 651 τοῦ
1956 624 2004 651 τε
2040 605 2224 665 ἀμεροῦς
2253 606 2390 653 αὐτῶν
2418 614 2491 657 καὶ
2518 619 2594 659 τοῦ

445 685 557 729 κατὰ
589 684 645 729 τὰ
681 682 861 741 σώματα
895 688 1116 742 μεριστοῦ,
1154 691 1297 731 tamen
1334 686 1624 744 interpositum
1659 685 1766 730 illud
1803 683 1852 740 ἐξ
1877 682 2041 744 ἀμφοῖν
2077 700 2175 731 sane
2213 701 2296 731 non
2330 687 2480 744 habet,
2514 708 2596 748 quo

446 764 666 808 referatur.
724 763 1056 821 Ueberwegius2)
1084 762 1133 818 ἐξ
1167 764 1517 822 praepositionem
1545 764 1725 822 positam
1754 777 1842 808 esse
1870 768 1994 822 putat
2032 761 2122 810 ἀπὸ
2151 766 2312 820 κοινοῦ,
2352 766 2413 811 ita
2440 773 2488 813 ut
2514 785 2596 815 non

447 845 584 888 solum
621 844 677 888 ad
713 839 895 901 ἀμφοῖν,
935 843 1008 886 sed
1045 844 1171 887 etiam
1206 845 1262 888 ad
1298 845 1506 901 genetivos
1542 843 1834 888 antecedentes
1861 846 1938 902 τῆς
1966 841 2195 902 ἀμερίστου
2224 849 2266 890 et
2293 846 2369 903 τῆς
2396 852 2597 906 μεριστῆς

450 922 600 975 οὐσίας
634 923 853 979 pertineat.
913 921 995 964 Sed
1023 923 1127 965 haec
1155 924 1471 980 praepositionis
1501 923 1656 980 ellipsis
1683 923 1816 979 poetis
1844 923 1942 967 solis
1970 924 2233 969 concedenda
2260 937 2347 968 esse
2375 924 2538 970 videtur
2550 928 2595 983 ³).

452 1003 709 1058 Simpliciter
736 1015 834 1043 vero
862 1002 1012 1042 horum
1041 1003 1324 1057 genetivorum
1354 1004 1463 1045 ratio
1491 1004 1553 1045 ita
1580 1003 1780 1058 explicari
1808 1016 1926 1058 posse
1955 1004 2131 1056 videtur,
2160 1008 2209 1047 ut
2229 1004 2340 1046 idem
2359 1004 2599 1047 anacoluthi

452 1095 583 1136 genus
611 1081 652 1121 h.
673 1080 700 1121 l.
731 1093 819 1120 esse
848 1080 1033 1121 dicamus
1067 1081 1179 1134 quod
1214 1081 1325 1122 infira
1336 1083 1392 1135 ⁴):
1442 1078 1603 1136 ἡμέρας
1631 1080 1710 1136 γὰρ
1738 1080 1810 1122 καὶ
1838 1078 1991 1131 νύκτας
2019 1081 2092 1123 καὶ
2118 1085 2254 1139 μῆνας
2282 1081 2354 1123 καὶ
2382 1081 2599 1132 ἐνιαυτοὺς

452 1157 528 1201 οὐκ
569 1155 697 1207 ὄντας
740 1156 844 1213 πρὶν
887 1155 1066 1213 οὐρανὸν
1106 1157 1313 1214 γενέσθαι
1353 1155 1452 1201 τότε
1499 1156 1589 1213 ἅμα
1633 1157 1779 1215 ἐκείνῳ
1821 1158 2112 1216 ξυνισταμένῳ
2147 1159 2223 1216 τὴν
2259 1159 2422 1215 γένεσιν
2462 1156 2599 1201 αὐτῶν

451 1239 704 1294 μηχανᾶται.
761 1235 841 1278 Hic
877 1236 987 1278 enim
1022 1241 1070 1279 ut
1107 1238 1352 1289 accusativi,
1395 1251 1498 1292 quos
1536 1238 1652 1293 sequi
1687 1237 1869 1281 debebat
1905 1237 2081 1292 simplex
2115 1235 2215 1281 τότε
2251 1241 2392 1290 ποιεῖ,
2437 1241 2600 1280 mutata

451 1316 618 1358 dicendi
653 1314 788 1357 forma
825 1313 901 1371 τὴν
937 1314 1103 1370 γένεσιν
1140 1313 1276 1359 αὐτῶν
1312 1318 1552 1373 μηχανᾶται
1588 1317 1768 1359 absoluti
1804 1320 2022 1359 remanent
2033 1317 2092 1372 ⁵),
2141 1317 2202 1359 ita
2238 1316 2421 1361 Platonis
2457 1317 2599 1367 menti,

454 1409 551 1438 cnm
578 1393 674 1437 illos
701 1393 913 1449 genetivos
940 1399 1125 1449 poneret,
1154 1395 1338 1450 primum
1366 1395 1630 1438 obversatum
1658 1395 1822 1438 videtur
1849 1395 2041 1446 verbum,
2070 1409 2094 1437 e
2122 1410 2204 1450 quo
2232 1397 2443 1449 genetivus
2472 1396 2601 1449 possit

453 1472 651 1529 pendere,
687 1471 838 1514 deinde
866 1473 1077 1528 scripsisse
1106 1469 1425 1530 συνεκεράσατο,
1459 1474 1526 1516 cuj
1554 1474 1748 1529 adjunxit
1776 1471 1825 1525 ἐξ
1850 1468 2025 1529 ἀμφοῖν.
2081 1473 2163 1517 Sed
2191 1473 2277 1517 tale
2306 1473 2599 1517 anacoluthum

452 1552 675 1607 quominus
702 1551 743 1592 h.
765 1551 792 1594 l.
822 1555 1078 1603 statuamus,
1118 1566 1168 1595 ea
1195 1557 1258 1595 est
1287 1566 1431 1603 causa,
1470 1552 1581 1607 quod
1609 1566 1693 1595 non
1721 1551 1842 1594 facile
1871 1566 1914 1594 se
1943 1551 2065 1595 offert
2091 1552 2287 1605 verbum,
2317 1567 2340 1596 e
2369 1567 2450 1608 quo
2479 1566 2602 1608 gene-

451 1631 561 1674 tivus
589 1629 772 1685 pendere
800 1631 951 1685 possit,
986 1631 1067 1673 nisi
1096 1630 1202 1673 forte
1231 1631 1383 1674 dixeris
1411 1645 1434 1674 e
1464 1632 1685 1675 verborum
1713 1631 2019 1687 conjunctione,
2046 1631 2183 1686 qualis
2211 1636 2274 1674 est
2301 1634 2451 1687 κρᾶσιν
2481 1646 2600 1674 συνε-

453 1704 683 1766 κεράσατο,
721 1721 818 1750 eum
853 1708 1048 1764 pendere.
1108 1709 1223 1761 Quae
1251 1710 1472 1753 verborum
1501 1709 1846 1753 conformationes
1874 1722 2016 1752 omnes
2051 1723 2146 1752 cum
2181 1708 2330 1764 plenae
2366 1709 2448 1752 sint
2483 1708 2603 1752 dubi-

453 1788 675 1839 tationum,
704 1787 999 1842 amplectenda
1027 1788 1107 1830 erit
1133 1787 1404 1843 Steinhartie)
1433 1788 1735 1843 interpretatio,
1764 1788 1834 1843 qui
1862 1789 1939 1844 τῆς
1967 1783 2197 1843 ἀμερίστου
2227 1791 2270 1829 et
2297 1788 2373 1843 τῆς
2401 1789 2603 1842 μεριστῆς

457 1862 608 1915 οὐσίας
636 1865 845 1920 genetivos
873 1866 1092 1920 partitivos
1121 1865 1233 1908 dicit.
1294 1866 1415 1908 Tales
1443 1867 1620 1921 genetivi
1648 1868 1692 1908 in
1720 1867 1889 1909 Timaeo
1925 1867 2192 1909 inveniuntur
2226 1880 2266 1920 p.
2295 1869 2347 1909 33
2378 1867 2416 1908 D
2454 1868 2605 1920 χειρῶν

456 1943 526 1998 δέ,
567 1937 637 1995 αἷς
672 1939 770 1986 οὔτε
806 1944 955 1999 λαβεῖν
989 1940 1086 1986 οἵτε
1122 1936 1174 1986 αὖ
1209 1960 1307 1986 τινα
1336 1940 1587 1998 ἀμύνασθαι
1614 1942 1735 2001 χρεία
1762 1960 1830 1994 τις
1858 1936 1926 2000 ἦν,
1966 1940 2104 2000 μάτην
2133 1940 2208 1986 οὐκ
2236 1938 2344 2000 ᾤετο
2374 1942 2463 1986 δεῖν
2492 1939 2606 1998 αὐτῷ

460 2020 752 2080 προσάπτειν,
793 2020 892 2066 οὐδὲ
927 2023 1076 2066 ποδῶν
1112 2019 1211 2066 οὐδὲ
1245 2020 1355 2073 ὅλως
1388 2026 1465 2080 τῆς
1500 2022 1602 2079 περὶ
1639 2022 1715 2080 τὴν
1750 2018 1880 2077 βάσιν
1915 2019 2150 2079 ὑπηρεσίας
2187 2028 2230 2066 et
2265 2037 2305 2078 p.
2338 2028 2391 2067 65
2421 2023 2460 2065 D
2497 2019 2606 2066 ὥστε

455 2099 695 2160 ἀποτήκειν
724 2098 854 2159 αὐτῆς
880 2104 957 2159 τῆς
984 2098 1164 2159 φύσεως.

662 2181 925 2225 Constructio
954 2181 1174 2224 verborum
1204 2182 1332 2224 etiam
1361 2182 1404 2225 in
1432 2182 1497 2225 his
1524 2181 1729 2237 impedita
1757 2185 1820 2224 est
1848 2185 1891 2224 et
1919 2180 2069 2223 dubia:
2098 2182 2174 2237 τῆς
2197 2196 2245 2223 τε
2264 2177 2419 2223 ταύτοῦ
2438 2176 2606 2236 φύσεως

460 2276 513 2303 etv
552 2258 654 2315 πέρι
691 2257 763 2301 καὶ
798 2261 873 2315 τῆς
908 2257 1099 2315 θατέρου
1135 2258 1206 2302 καὶ
1242 2258 1351 2302 κατὰ
1385 2262 1519 2303 ταῦτα
1557 2257 1808 2316 ξυνέστησεν
1846 2257 1891 2301 ἐν
1925 2257 2043 2315 μέσῳ
2080 2261 2156 2300 τοῦ
2184 2274 2230 2301 τε
2260 2254 2442 2314 ἀμεροῦς
2471 2254 2608 2300 αὐτῶν

462 2338 534 2380 καὶ
569 2341 646 2380 τοῦ
684 2336 793 2382 κατὰ
826 2337 882 2379 τὰ
917 2334 1097 2392 σώματα
1133 2342 1349 2394 μεριστοῦ.
1406 2339 1690 2394 Interpretum
1727 2338 1899 2393 plurimi
1934 2338 2174 2381 Ciceronem
2186 2340 2221 2393 ⁷)
2257 2341 2487 2393 sequuntur
2522 2351 2611 2379 ver-

462 2422 643 2460 tentem:
702 2420 866 2460 tertium
902 2419 1101 2461 materiae
1137 2432 1263 2473 yenus
1299 2432 1348 2460 ex
1386 2418 1539 2461 duobus
1577 2419 1620 2459 in
1656 2417 1834 2459 medium
1871 2417 2111 2468 admiscuit,
2157 2417 2264 2471 quod
2297 2420 2399 2460 esset
2433 2415 2612 2471 ejusdmn

467 2500 646 2539 naturae
681 2500 721 2539 et
754 2496 938 2539 alterius.
997 2500 1072 2553 τῆς
1107 2513 1154 2539 τε
1190 2496 1346 2540 ταύτοῦ
1379 2522 1425 2529 -
1458 2495 1649 2553 θατέρου
1686 2497 1813 2552 igitur
1840 2495 2058 2538 referenda
2086 2509 2173 2539 esse
2202 2500 2355 2551 putant
2382 2495 2438 2538 ad
2470 2493 2615 2550 τρίτον

462 2573 612 2626 οὐσίας
631 2569 757 2626 εἶδος.
801 2575 1054 2631 Βοιιὶίῑτίιιεὸ)
1083 2577 1158 2619 hos
1187 2578 1396 2632 genetivos
1423 2577 1603 2631 pendere
1634 2576 1737 2619 dicit
1765 2590 1816 2619 ex
1838 2573 1883 2618 ἐν
1902 2573 2041 2631 μέσῳι
2071 2575 2275 2618 tertiam
2305 2573 2613 2617 commiscuit

462 2655 722 2698 essentiae
751 2656 993 2710 speciem,
1023 2670 1151 2710 quae
1181 2655 1349 2698 media
1378 2656 1447 2697 sit
1476 2656 1613 2698 inter
1641 2659 1878 2698 naturam
1914 2655 2028 2710 ejus
2064 2654 2200 2710 quod
2238 2667 2441 2709 semper
2478 2652 2613 2694 idem

671 2813 701 2856 ¹)
735 2823 770 2857 p.
794 2814 836 2846 32
861 2813 901 2847 Β.

668 2869 699 2912 ⁸)
734 2879 768 2913 p.
793 2869 846 2903 39.
893 2868 944 2903 Cf.
969 2868 1183 2904 Hoenebeek
1207 2867 1363 2903 Hissink.
1388 2879 1421 2912 p.
1447 2870 1477 2904 6.

670 2925 701 2967 ⁸)
736 2923 787 2958 Cf.
812 2923 958 2959 Lobeck
983 2924 1029 2960 ad
1052 2924 1158 2969 Soph.
1184 2925 1241 2969 Aj.
1266 2935 1296 2958 v.
1322 2925 1398 2959 397.

671 2981 703 3023 ⁴)
736 2990 771 3025 p.
795 2982 841 3015 38
864 2979 896 3014 D
922 2980 964 3015 E.

672 3038 703 3079 ⁵)
739 3036 789 3071 Cf.
814 3036 1045 3081 Engelhardt.
1070 3047 1168 3072 anae.
1194 3036 1331 3072 Platon.
1357 3045 1449 3080 spec.
1474 3035 1528 3070 111
1551 3047 1585 3080 p.
1613 3038 1662 3070 12.

670 3096 702 3134 ο)
736 3092 788 3128 VI
811 3105 844 3139 p.
870 3095 945 3128 243.

672 3151 702 3192 ²)
738 3149 782 3185 de
805 3149 897 3185 univ.
921 3153 940 3186 7
945 3179 951 3185 .

671 3207 702 3249 ⁸)
738 3218 771 3253 p.
796 3208 848 3242 51.
