2944 3880
1503 294 1529 333 4

646 445 731 513 De
769 466 980 524 particula
1015 465 1199 522 quadam
1228 467 1386 512 Timaei
1420 467 1624 512 Platonici
1659 466 1945 524 explicaturus
1972 480 2056 511 non
2084 465 2268 511 alienum
2296 482 2383 514 esse
2411 475 2590 520 arbitror

445 545 630 601 praefari
670 545 722 589 de
759 546 1010 590 auctoritate
1048 548 1092 588 et
1126 545 1186 597 vi,
1229 559 1355 602 quam
1390 559 1576 589 summus
1611 544 1881 602 philosophus
1919 544 2227 601 quaestionibus
2263 544 2348 589 illis
2382 548 2434 592 de
2469 554 2593 598 rebus

446 624 628 681 physicis
664 624 867 681 institutis
901 623 1074 667 tribuat.
1132 623 1224 667 Hac
1258 628 1400 669 autem
1436 624 1488 669 de
1522 638 1568 668 re
1606 625 1694 681 ipse
1733 624 1949 669 Timaeum
1986 623 2084 667 fecit
2119 623 2287 667 uberius
2321 633 2591 681 exponentem

448 703 526 747 illa
554 704 757 757 oratione,
786 718 913 760 quam
940 703 1090 747 habuit
1118 703 1261 746 statim
1288 707 1509 760 postquam
1538 703 1637 747 deos
1664 704 1881 757 invocavit,
1910 709 1959 747 ut
1988 704 2142 759 coeptis
2170 703 2254 746 suis
2281 703 2592 764 adspirarent1).

594 768 600 773 ⁹
650 784 845 827 Timaeus
873 783 1072 826 discernit
1099 782 1209 825 inter
1235 782 1299 835 id,
1329 782 1440 838 quod
1468 797 1631 839 semper
1659 788 1742 835 est,
1781 796 1997 838 nunquam
2024 782 2092 835 fit,
2128 786 2171 825 et
2197 781 2260 834 id,
2296 782 2407 837 quod
2434 796 2594 839 semper

448 861 510 913 fit,
540 876 754 918 nunquam
783 867 856 905 est.
895 863 1087 904 Alterum
1115 862 1213 916 quia
1241 874 1404 917 semper
1432 861 1578 904 eadem
1606 875 1650 904 se
1678 861 1839 905 ratione
1869 860 2010 914 habet,
2039 859 2324 917 intellegentia
2352 863 2394 904 et
2421 860 2594 914 ratione,

449 942 633 982 alterum
662 943 763 995 quia
789 942 840 982 fit
868 945 910 982 et
948 941 1076 995 perit,
1116 953 1210 981 vere
1240 943 1382 982 autem
1418 952 1631 995 nunquam
1669 943 1749 991 est,
1789 939 1980 995 opinione
2009 943 2053 982 et
2080 952 2201 982 sensu
2228 937 2400 982 rationis
2427 941 2597 992 experte

451 1019 830 1073 comprehenditur.
890 1017 939 1059 Id
974 1021 1138 1068 autem,
1183 1016 1296 1071 quod
1331 1017 1533 1073 gignitur,
1580 1021 1750 1060 auctore
1787 1016 1928 1072 aliquo
1965 1017 2079 1072 gigni
2122 1030 2286 1060 necesse
2320 1019 2393 1059 est.
2450 1014 2598 1070 Itaque

453 1096 574 1151 cujus
602 1095 753 1139 artifex
780 1095 837 1147 id,
866 1094 977 1151 quod
1007 1094 1153 1137 eadem
1180 1095 1341 1137 ratione
1369 1109 1532 1151 semper
1554 1109 1597 1139 se
1615 1095 1744 1139 habet
1761 1096 1961 1148 intuetur,
1990 1096 2034 1139 id
2052 1111 2080 1152 p
2127 1096 2286 1147 chrum,
2315 1094 2433 1149 cujus
2450 1092 2600 1136 artifex

456 1187 504 1217 eo
534 1175 668 1218 utitur
696 1173 940 1229 exemplari,
969 1173 1081 1228 quod
1108 1172 1265 1216 factum
1294 1177 1369 1225 est,
1398 1174 1442 1216 id
1471 1188 1553 1217 non
1582 1174 1806 1229 pulchrum
1834 1174 1894 1217 fit.
1940 1175 1987 1217 Ia
2060 1189 2156 1218 vero
2185 1174 2362 1217 mundus
2390 1177 2506 1216 ortus
2526 1176 2601 1223 est,

456 1252 697 1297 referendus
726 1253 836 1297 enim
865 1255 928 1295 est
956 1251 999 1293 in
1029 1265 1174 1294 earum
1210 1265 1351 1294 rerum
1386 1265 1626 1303 numerum,
1663 1266 1770 1306 quae
1798 1252 1985 1295 sensibus
2014 1253 2324 1308 percipiuntur3
2371 1266 2469 1293 nam
2497 1264 2604 1305 quae

455 1330 532 1374 sub
562 1344 704 1374 sensus
732 1335 775 1375 et
803 1330 1015 1386 opiniones
1044 1329 1223 1381 cadunt,
1264 1343 1314 1373 ea
1349 1330 1449 1373 satis
1487 1334 1665 1386 apparet
1700 1329 1791 1374 fieri
1826 1334 1869 1373 et
1903 1329 2016 1373 facta
2051 1345 2149 1374 esse.
2208 1331 2319 1373 Illud
2347 1344 2443 1373 vero
2471 1329 2602 1372 consi-

455 1409 689 1454 derandum
735 1413 816 1463 est,
864 1412 1008 1452 utrum
1047 1408 1261 1465 exemplar
1296 1409 1483 1453 imitatus
1518 1409 1669 1454 artifex
1704 1410 1906 1454 creaverit
1943 1410 2158 1455 mundum.
2224 1410 2427 1463 Quoniam
2463 1413 2603 1452 autem

457 1489 637 1532 mundus
666 1493 728 1532 est
757 1488 1086 1543 pulcherrimus,
1124 1488 1303 1543 optimus
1330 1488 1499 1539 artifex,
1536 1488 1657 1531 facile
1686 1489 1944 1543 intellegitur
1972 1488 2027 1531 ad
2056 1489 2368 1531 similitudinem
2396 1487 2506 1529 illius
2534 1501 2605 1528 ex-

457 1567 676 1623 emplaris,
715 1565 826 1622 quod
861 1566 1023 1608 ratione
1062 1570 1104 1607 et
1140 1565 1427 1621 intellegentia
1463 1566 1830 1621 comprehenditur
1865 1571 1908 1610 et
1936 1581 2099 1622 semper
2135 1567 2246 1609 idem
2282 1571 2363 1617 est,
2404 1564 2605 1608 mundum

462 1658 550 1687 esse
588 1644 784 1687 effictum.
843 1645 990 1699 Itaque
1025 1643 1135 1687 hunc
1164 1643 1367 1687 mundum
1395 1658 1559 1687 necesse
1587 1649 1650 1687 est
1677 1645 1946 1689 simulacrum
1975 1660 2062 1689 esse
2091 1645 2342 1700 exemplaris
2369 1643 2609 1699 sempiterni

463 1729 588 1778 atque
630 1723 881 1777 respondere
924 1723 1021 1764 huic
1060 1723 1273 1775 utriusque
1310 1723 1601 1764 necessitudini
1637 1725 1888 1774 orationem,
1928 1737 2034 1778 quae
2071 1724 2123 1765 de
2161 1723 2224 1764 his
2259 1723 2384 1764 rebus
2419 1721 2607 1775 explicet.

463 1800 745 1851 Quamobrem
774 1799 848 1841 ubi
878 1798 930 1840 de
960 1799 1084 1841 rebus
1113 1799 1334 1842 dicendum
1365 1804 1446 1851 est,
1483 1814 1589 1854 quae
1626 1799 1795 1843 stabiles
1829 1804 1927 1842 sunt
1962 1805 2005 1843 et
2039 1800 2342 1850 immutabiles,
2381 1799 2609 1842 orationem

460 1892 539 1935 par
568 1882 632 1921 est
661 1880 921 1922 constantem
952 1890 1040 1920 esse
1070 1880 1112 1920 et
1139 1876 1289 1929 talem,
1319 1877 1455 1932 qualis
1482 1877 1680 1940 redargui
1708 1892 1791 1921 non
1819 1880 1967 1934 possit,
1997 1879 2070 1922 ubi
2099 1879 2151 1922 de
2180 1877 2410 1921 simulacris
2438 1876 2611 1921 imitatis

459 1962 500 1999 et
537 1957 704 2008 effictis,
746 1955 1147 1998 verisimilitudinem
1176 1956 1277 1998 satis
1306 1960 1369 1998 est
1397 1958 1600 2011 consequi.
1660 1957 1821 2000 Eadem
1850 1958 1961 2000 enim
1990 1958 2118 2009 ratio,
2155 1971 2263 2012 quae
2291 1962 2355 1999 est
2382 1957 2491 1998 inter
2519 1955 2609 1997 fieri

460 2040 502 2078 et
531 2049 631 2087 esse,
661 2036 771 2077 inter
799 2034 1139 2090 probabilitatem
1169 2038 1232 2076 est
1260 2038 1303 2076 et
1330 2034 1559 2077 veritatem.
1603 2035 1717 2086 Quae
1747 2050 1841 2078 cum
1870 2036 1930 2078 ita
1959 2037 2055 2087 sint,
2084 2037 2197 2078 haud
2226 2050 2324 2078 sane
2353 2039 2415 2077 est
2444 2035 2611 2084 mirum,

461 2114 573 2169 quod
602 2113 654 2156 de
683 2113 762 2157 diis
790 2116 966 2168 ortuque
996 2111 1141 2155 mundi
1171 2111 1374 2155 disserens
1404 2113 1590 2156 oratione
1618 2115 1771 2166 utitur,
1809 2129 1915 2170 quae
1945 2115 2022 2159 sibi
2050 2130 2133 2159 non
2164 2115 2330 2158 omnino
2360 2117 2537 2164 constet,
2567 2115 2609 2154 et

459 2194 492 2235 si
521 2192 759 2247 probabilia
787 2192 901 2242 dicit,
932 2191 1037 2233 nihil
1064 2191 1179 2232 ultra
1206 2191 1501 2245 requirendum
1531 2193 1622 2234 erit.

660 2271 750 2313 Hoc
788 2271 945 2312 Timaei
983 2270 1243 2324 prooemium
1282 2268 1470 2312 Socrates
1486 2271 1519 2325 2)
1558 2270 1680 2313 valde
1718 2271 1874 2314 laudat.
1935 2273 1998 2314 Eo
2034 2272 2145 2327 quod
2184 2271 2512 2314 demonstratum
2549 2273 2611 2311 est

462 2364 580 2407 posse
609 2354 776 2393 tantum
805 2348 1041 2404 probabilia
1070 2348 1152 2390 dici
1181 2347 1233 2390 de
1263 2347 1455 2403 physicis,
1485 2348 1528 2390 id
1555 2348 1597 2390 in
1625 2348 1743 2392 initio
1772 2350 1942 2394 alterius
1972 2351 2128 2407 dialogi
2155 2349 2287 2406 partis
2301 2349 2336 2404 ⁸)
2364 2347 2488 2391 simul
2517 2362 2611 2390 cum

461 2431 635 2474 deorum
664 2428 956 2484 imploratione
986 2427 1200 2483 repetitur.
1262 2426 1464 2478 Quoniam
1494 2431 1635 2471 autem
1665 2428 1844 2472 multum
1873 2429 2019 2481 refert,
2060 2444 2141 2485 quo
2177 2427 2277 2483 quid
2314 2428 2405 2470 loco
2433 2427 2611 2477 dicatur,

468 2510 546 2552 hoc
575 2522 674 2552 sane
702 2521 786 2550 non
815 2505 1119 2562 neglegendum
1150 2505 1229 2547 erit
1258 2505 1300 2547 in
1324 2506 1544 2560 prooemiis
1572 2506 1788 2551 Platonem
1818 2507 1869 2551 de
1906 2507 1985 2552 hac
2021 2522 2066 2552 re
2102 2506 2344 2563 exposuisse.
2403 2505 2489 2549 Nec
2516 2519 2614 2548 vero

461 2592 504 2632 in
536 2588 817 2644 disputatione
845 2587 935 2640 ipsa
963 2584 1074 2626 idem
1104 2598 1187 2626 non
1216 2584 1326 2626 dicit.
1385 2583 1440 2625 τὰ
1469 2582 1614 2628 εἰκότα
1642 2600 1685 2628 se
1714 2587 1829 2642 sequi
1857 2587 2078 2643 profitetur
2107 2602 2146 2642 p.
2178 2590 2231 2631 56
2262 2584 2293 2628 C
2333 2588 2385 2629 59
2415 2584 2452 2626 D
2492 2587 2545 2628 62
2576 2583 2613 2625 Α

465 2674 517 2713 67
540 2669 578 2710 Ι)
611 2672 663 2711 72
684 2668 737 2718 D,
766 2664 842 2708 τὸν
871 2660 1017 2706 εἰκότα
1046 2659 1171 2717 λόγον
1201 2677 1240 2717 p.
1264 2666 1317 2706 30
1337 2663 1372 2705 B
1405 2669 1458 2707 55
1480 2664 1517 2705 D
1550 2668 1602 2707 56
1624 2665 1659 2706 A
1679 2665 1714 2707 B
1746 2671 1798 2709 57
1820 2666 1858 2708 D
1890 2671 1942 2711 68
1963 2667 1999 2708 Β
2031 2671 2084 2711 90
2106 2666 2163 2717 Ε,
2193 2664 2268 2707 τὸν
2297 2659 2442 2706 εἰκότα
2470 2664 2613 2715 μῦθον

465 2764 503 2803 p.
527 2752 581 2791 59
604 2746 636 2789 C
667 2749 721 2789 68
742 2745 794 2795 D,
830 2743 980 2798 quibus
1009 2741 1109 2783 locis
1139 2740 1243 2782 nihil
1273 2740 1521 2783 discriminis
1551 2746 1612 2783 est
1640 2743 1750 2785 inter
1778 2741 1904 2799 λόγον
1934 2749 1977 2788 et
2006 2747 2169 2798 μῦθον,
2212 2742 2284 2786 sed
2312 2745 2488 2795 utroque
2517 2754 2614 2783 nar-

466 2826 573 2869 ratio
602 2825 694 2880 ipsa
721 2822 980 2880 significatur
992 2822 1038 2875 4).

670 3028 1095 3075 op.mD-mn

670 3088 701 3131 ⁹)
736 3099 770 3132 Ρ·
794 3087 838 3122 29
861 3085 905 3121 D

669 3146 700 3187 ⁸)
735 3154 770 3190 Ρ
794 3144 838 3178 48
862 3142 904 3177 D

672 3201 704 3244 ⁴)
739 3200 790 3236 Cf.
814 3200 1061 3246 Wyttenbach.
1086 3206 1204 3237 annot.
1229 3200 1273 3236 ad
1298 3199 1427 3235 Phaed
1454 3200 1511 3242 (61
1529 3198 1574 3243 Β)
1598 3208 1631 3243 p
1659 3199 1722 3232 127
1746 3207 1795 3241 sq.
