2944 3880
413 1066 576 1149 Quid
616 1067 804 1131 Plato
845 1067 923 1131 de
963 1067 1207 1132 animae
1246 1066 1591 1132 mundanae
1631 1067 1960 1133 elementis
2001 1067 2306 1132 docuerit.

487 1380 666 1417 Plutarchi
688 1381 732 1417 de
754 1383 889 1418 animae
912 1382 1154 1426 procreatione
1178 1382 1215 1419 in
1237 1381 1380 1419 Timaeo
1404 1381 1571 1418 Platonis.
1617 1381 1706 1427 opp.
1729 1392 1815 1421 mor.
1842 1393 1876 1427 p.
1904 1383 2176 1426 1012—10321).

310 1504 331 1538 7
353 1504 376 1538 0
488 1445 550 1490 M„
573 1445 765 1484 Gedanken
787 1447 874 1484 uber
897 1447 953 1485 die
977 1448 1193 1487 welt-soele
1215 1449 1277 1486 des
1301 1449 1412 1485 Plato.
1457 1449 1614 1485 walch’s
1638 1448 1896 1493 Philologische
1918 1450 2130 1486 Bibliothek.
2154 1449 2182 1484 L
2218 1421 2423 1494 emim.

289 1506 305 1538 1
332 1505 351 1538 7
377 1529 385 1537 .
447 1529 453 1537 .
479 1505 611 1537 1—14¹
627 1530 634 1537 .

420 1514 443 1548 p
490 1503 679 1615 christoph
690 1569 855 1614 Meinas,
878 1571 1165 1617 Betrachtungen
1187 1572 1275 1608 uber
1297 1572 1353 1608 die
1364 1571 1548 1616 Griechen,
1571 1572 1635 1608 das
1658 1541 1827 1610 Zeitalter
1850 1572 1913 1610 des
1928 1572 2042 1618 Plato,
2065 1573 2153 1610 uber
2176 1572 2243 1609 den
2257 1571 2424 1609 Timaeus

286 1625 400 1718 {iesca
428 1625 672 1717 Philosopheu1
674 1626 768 1718 :gg
796 1626 921 1663 dessen
950 1627 1157 1674 Hypothese
1186 1638 1255 1665 von
1284 1628 1347 1665 der
1369 1626 1567 1665 Weltseele.
1613 1628 1833 1665 Vermischte
1855 1628 2140 1675 philosophische
2162 1628 2348 1664 Schriften
2395 1628 2424 1662 Ι.

318 1682 441 1728 eipzig.
467 1684 564 1718 1775.
594 1693 628 1728 p.
767 1710 774 1717 .

488 1750 628 1796 August
650 1749 806 1795 Boeckh‚
831 1750 947 1788 Ueber
969 1750 1026 1788 die
1049 1751 1200 1799 Bildung
1221 1753 1284 1789 der
1299 1752 1487 1790 Weltseele
1509 1753 1556 1789 im
1578 1752 1740 1789 Timaeos
1763 1752 1825 1788 des
1849 1751 1986 1788 Platon.
2022 1750 2126 1788 Daub
2149 1752 2221 1788 und
2243 1752 2424 1788 Creuzer's

287 1806 444 1900 gtffi.
479 1806 551 1898 131
565 1808 700 1900 (mog
735 1818 768 1853 p.
766 1810 813 1900 δὲ
822 1809 921 1843 —95.
978 1808 1077 1844 Haec
1107 1809 1353 1846 commentatio
1382 1810 1557 1847 nonnullis
1584 1809 1710 1846 additis
1733 1809 1885 1854 repetita
1907 1814 1961 1845 est
1984 1809 2020 1845 in
2042 1809 2086 1845 A.
2111 1808 2273 1853 Boeckh,
2309 1807 2425 1845 kleine

313 1873 332 1898 c
379 1862 386 1870 “
440 1873 473 1899 n.
576 1874 610 1908 p.
634 1865 649 1899 1
709 1866 765 1899 -1
813 1891 820 1898 .

488 1930 710 1968 Godofredus
740 1931 1006 1977 Stallbaumius,
1042 1932 1169 1969 Schola
1199 1932 1320 1969 critica
1348 1937 1385 1969 et
1411 1933 1579 1971 historica
1613 1943 1717 1980 super
1745 1933 1822 1970 loco
1851 1932 1984 1969 Timaei
2014 1932 2186 1970 Platonici
2215 1932 2260 1970 de
2287 1933 2426 1970 animae

286 1986 483 2022 mundanae
504 1987 694 2023 elementis.
740 1987 891 2032 Lipsiae.
920 1990 1018 2024 1837.

487 2054 710 2091 Hermannus
732 2054 870 2098 Bonitz‚
893 2055 1156 2101 Disputationes
1178 2042 1381 2093 Platonicae
1403 2056 1501 2092 dua'e.
1548 2056 1714 2094 Dresdae.
1746 2058 1842 2093 1837.

487 2121 622 2158 Harum
644 2121 918 2167 disputationum
941 2123 1053 2160 altera
1081 2123 1140 2169 (p.
1161 2124 1320 2169 47-88)
1350 2128 1404 2161 est
1431 2123 1476 2161 de
1497 2124 1633 2161 animae
1653 2122 1848 2160 mundanae
1870 2123 1964 2170 apud
1988 2123 2169 2159 Platonem
2193 2122 2372 2159 elementis
2380 2124 2423 2166 ⁸).

288 2177 461 2223 Exposita
482 2182 537 2214 est
559 2178 663 2223 huius
686 2178 793 2214 libelli
815 2189 951 2215 summa
973 2189 995 2215 a
1019 2179 1061 2215 G.
1085 2179 1142 2224 H„
1165 2179 1337 2217 Zeitschr.
1360 2180 1384 2216 f.
1408 2180 1441 2216 d.
1464 2180 1724 2217 Alterthumsw.
1751 2181 1847 2215 1837.
1871 2191 1904 2225 p.
1927 2180 2093 2216 829-45,

286 2300 409 2344 (1854)
489 2244 671 2336 {niedgiich
695 2245 904 2291 Ueberweg‚
941 2246 1057 2283 Ueber
1088 2247 1145 2283 die
1175 2247 1400 2284 Platonische
1428 2248 1627 2284 Weltseele.
1673 2247 1716 2283 N.
1748 2247 1870 2283 Rhein.
1901 2246 2060 2284 Museum
2090 2247 2114 2282 f.
2144 2246 2315 2291 Philolog.
2361 2245 2424 2281 IX

443 2311 476 2345 p.
545 2319 588 2328 —
643 2329 649 2335 .

313 2580 320 2587 .
474 2528 516 2617 ΙΙΙ)
550 2527 805 2572 Argumentum
828 2528 933 2572 hujus
963 2527 1068 2564 libelli
1099 2528 1228 2574 legitur
1256 2528 1293 2563 in
1316 2528 1360 2564 H.
1385 2539 1416 2563 v.
1441 2527 1553 2572 Stein,
1590 2527 1714 2563 Sieben
1737 2526 1877 2562 Bucher
1899 2536 1962 2562 zur
1985 2525 2197 2563 Geschichte
2219 2526 2283 2562 des
2305 2526 2426 2562 Plato·

286 2591 427 2617 msmus.
543 2595 576 2629 p.
601 2586 668 2619 277
690 2589 763 2621 not.
791 2587 819 2619 1.

484 2651 515 2695 2)
550 2651 652 2687 Hanc
674 2652 1001 2689 commentationem
1024 2652 1141 2689 David
1164 2652 1308 2698 Peipers
1337 2650 1576 2697 Gottingensis
1603 2652 1640 2686 in
1668 2650 1794 2686 litteris
1821 2649 1865 2685 ad
1893 2659 1948 2685 me
1977 2649 2067 2686 datis
2096 2650 2142 2686 ab
2172 2650 2295 2686 eodem
2323 2650 2423 2686 Chri-

284 2706 454 2750 stophoro
465 2706 655 2744 Meinersio
680 2709 845 2754 scriptam
868 2719 946 2745 esse
969 2708 1098 2754 docuit,
1121 2709 1221 2755 cnjus
1243 2709 1356 2744 altera
1376 2707 1419 2744 de
1441 2707 1563 2744 eadem
1585 2717 1624 2743 re
1647 2706 1844 2743 dissertatio
1858 2705 1984 2742 deinde
1997 2710 2298 2742 commemoratur.
2333 2705 2424 2742 Nam

284 2760 514 2808 philosophus
537 2762 594 2800 ille
616 2764 652 2800 in
683 2763 823 2810 scriptis
854 2763 996 2801 miscell.
1027 2776 1060 2811 p.
1084 2767 1130 2802 22
1161 2774 1259 2802 suam
1288 2763 1409 2799 laudat
1437 2762 1779 2806 commentationem,
1814 2771 1902 2806 quae
1923 2762 1959 2797 in
1981 2761 2193 2798 bibliotheca
2215 2761 2426 2808 philologica

282 2816 345 2858 1,5
367 2818 564 2864 subscripto
586 2819 646 2855 illo
669 2820 719 2856 M.
743 2821 879 2865 legitur.
925 2821 1043 2856 Etiam
1074 2821 1164 2857 aliae
1193 2822 1415 2867 scriptiones,
1445 2820 1545 2864 cuius
1575 2823 1699 2854 auctor
1726 2819 1762 2853 in
1789 2818 2001 2854 bibliotheca
2030 2817 2197 2865 philolog.
2221 2818 2339 2854 littera
2361 2817 2423 2860 u„

283 2874 516 2919 significatur,
549 2876 719 2921 repetitae
751 2881 833 2912 sunt
863 2877 1018 2921 quamvis
1049 2881 1205 2913 mutatae
1234 2878 1271 2913 in
1298 2876 1437 2922 scriptis
1465 2876 1541 2921 ejus
1570 2874 1831 2920 philosophicis.
1878 2873 2014 2910 Eadem
2044 2875 2181 2911 ratione
2208 2873 2419 2911 Meinersius

282 2940 371 2975 quae
393 2931 437 2968 de
459 2931 573 2968 anima
596 2932 714 2968 mundi
738 2936 991 2969 commentatus
1016 2937 1104 2977 erat,
1127 2932 1313 2970 emendata
1334 2936 1371 2969 et
1393 2935 1498 2968 aucta
1519 2931 1555 2967 in
1578 2930 1709 2978 scripta
1731 2930 1875 2967 miscell.
1901 2930 2028 2975 philos.
2052 2930 2196 2976 recepit.

481 3000 512 3044 ⁸)
547 2999 644 3044 Quae
674 3009 696 3035 a
724 2999 951 3035 Stallbaumio
982 2998 1018 3034 in
1050 2999 1171 3036 schola
1202 2999 1324 3035 critica
1353 3003 1389 3035 et
1417 2999 1586 3034 historica
1614 2998 1659 3034 de
1687 2998 1824 3034 animae
1853 2997 2053 3034 mundanae
2082 2998 2261 3035 elementis
2295 2997 2427 3042 scripta

283 3058 375 3098 sunt,
398 3065 442 3091 ea
458 3055 640 3092 Bonitzius
662 3055 782 3091 docuit
805 3056 909 3101 plena
931 3065 1010 3091 esse
1032 3065 1201 3092 errorum.
1238 3056 1329 3092 Eum
1352 3052 1485 3091 frustra
1507 3053 1668 3091 refellere
1690 3058 1838 3090 conatus
1862 3058 1916 3091 est
1940 3053 2187 3091 Stallbaumius
2211 3058 2248 3090 et
2269 3051 2429 3089 inJahni

282 3110 397 3145 annal.
424 3111 509 3147 1837
532 3123 566 3156 p.
585 3113 652 3148 266
674 3122 724 3156 sq.
755 3116 791 3147 et
814 3111 849 3147 in
873 3111 1007 3147 Timaei
1031 3111 1183 3147 editione
1208 3111 1373 3148 Gothana
1395 3122 1429 3156 p.
1448 3111 1512 3146 491
1538 3121 1588 3155 sq.
1635 3109 1678 3146 In
1701 3110 1768 3146 hac
1790 3109 1919 3155 dialogi
1942 3109 2096 3146 editione
2117 3108 2196 3156 ipsa'
2217 3109 2426 3146 senteutiam

281 3165 398 3210 paullo
421 3170 592 3203 mutatam
616 3167 772 3213 protulit,
796 3176 899 3212 quam
924 3176 1028 3203 unam
1052 3166 1287 3213 respiciemus.

2116 3235 2131 3266 1
2143 3232 2161 3250 ὑ
