2944 3880
1291 311 1367 372 19ψ

241 468 312 512 καὶ
347 464 448 510 ὅτου
484 461 536 508 ἂν
565 465 728 522 ἕτερον,
767 465 878 522 πρὸς
905 462 971 508 ὅτι
1003 481 1050 508 τε
1077 462 1266 520 μάλιστα
1294 465 1365 508 καὶ
1395 463 1484 524 ὅπῃ
1513 466 1583 510 καὶ
1613 464 1736 520 ὅπως
1763 467 1833 511 καὶ
1863 464 1999 512 ὁπότε
2026 465 2245 524 ξυμβαίνει
2277 467 2385 512 κατὰ

239 545 295 590 τὰ
321 541 549 602 γιγνόμενά
577 559 624 586 τε
655 543 766 600 πρὸς
794 542 974 586 ἕκαστον
1002 542 1162 587 ἕκαστα
1189 540 1299 587 εἶναι
1328 544 1399 587 καὶ
1429 542 1611 598 πάσχειν
1639 545 1711 589 καὶ
1740 545 1853 602 πρὸς
1879 545 1934 589 τὰ
1953 546 2061 589 κατὰ
2079 544 2213 590 ταῦτὰ
2232 543 2384 600 ἔχοντα

239 623 308 669 ἀεί
315 626 359 680 ¹).
419 623 508 666 Hoc
538 623 627 666 loco
657 622 921 680 Lindavius2)
951 628 994 665 et
1023 624 1155 666 multo
1183 628 1280 667 ante
1310 638 1405 667 eum
1434 624 1723 682 Plutarchus³)
1751 640 1892 668 rerum
1921 625 2150 681 categorias
2177 625 2379 680 quasdam

238 721 265 747 a
293 704 464 745 Platone
494 704 716 757 significari
745 702 855 746 dicit.
916 702 1024 746 Eum
1054 703 1182 746 secuti
1211 707 1307 746 sunt
1336 704 1579 759 Martinus⁴)
1614 705 1886 762 Wagnerus5)
1921 704 2223 761 Steinhartusss)
2259 705 2380 747 Suse—

239 782 459 837 mihlius7).
520 781 611 826 Non
648 786 759 826 recte
796 782 898 825 mihi
934 781 1075 825 fecisse
1104 780 1147 823 id
1175 781 1376 826 videntur.
1437 783 1565 827 Errat
1600 785 1708 827 enim
1744 784 1988 835 Lindavius,
2030 798 2123 826 cum
2159 784 2260 827 dicit
2296 781 2381 839 ὅτῳ

237 860 274 904 τ’
293 858 345 904 ἄν
364 878 408 904 τι
428 858 582 905 ταύτὸν
601 855 626 919 ᾖ
647 861 717 905 καὶ
746 858 847 905 ὅτου
876 856 928 904 ἂν
957 859 1101 918 ἕτερον
1130 875 1216 905 esse
1244 860 1295 904 τὸ
1324 861 1366 903 τί
1395 859 1487 905 ἔστι
1517 864 1599 906 sive
1627 862 1703 920 τὴν
1732 861 1892 906 οὐσίαν.
1935 863 2044 905 Nam
2072 877 2179 918 quae
2208 877 2274 904 res
2301 864 2382 905 sint

237 955 377 995 pares,
426 955 533 995 quae
575 942 775 995 impares,
823 940 1103 996 comparando
1141 941 1432 995 cognoscimus.
1499 941 1625 985 Recte
1661 943 1770 984 enim
1807 942 2108 984 Stallbaumius
2149 939 2303 983 ταύτὸν
2339 947 2381 983 et

238 1015 424 1074 θάτερον
465 1019 502 1061 h.
535 1019 560 1061 l.
601 1019 752 1074 logice,
801 1024 926 1062 antea
939 1021 974 1075 ⁸)
1019 1019 1299 1075 metaphysice
1342 1021 1513 1075 accepit.
1578 1018 1755 1063 Omnino
1799 1022 1876 1062 hoc
1919 1020 2009 1062 loco
2052 1035 2118 1062 res
2160 1034 2243 1062 non
2284 1035 2381 1062 con-

235 1098 473 1141 siderantur
511 1112 585 1154 per
621 1113 685 1150 se,
735 1097 807 1140 sed
842 1112 989 1141 earum
1027 1098 1260 1153 conjunctio
1301 1103 1343 1140 et
1380 1099 1656 1151 necessitudo,
1698 1100 1758 1142 ita
1794 1103 1841 1141 ut
1879 1100 2033 1153 optime
2071 1099 2251 1140 Crantor
2285 1113 2378 1140 eum

235 1177 424 1220 videatur
460 1178 750 1220 illustravisse:
801 1175 840 1220 οἳ
879 1176 927 1219 δὲ
967 1176 1069 1233 περὶ
1103 1176 1178 1220 τὸν
1209 1175 1437 1235 Κράντορα
1471 1175 1661 1233 μάλιστα
1696 1182 1771 1235 τῆς
1808 1181 1945 1234 ψυχῆς
1979 1175 2092 1220 ἴδιον
2121 1172 2378 1232 ὑπολαμβά-

236 1272 380 1308 νοντες
419 1253 540 1312 ἔργον
577 1251 685 1298 εἶναι
722 1255 772 1298 τὸ
809 1254 965 1311 κρίνειν
1001 1251 1057 1298 τά
1092 1272 1139 1298 τε
1175 1255 1305 1312 νοητὰ
1343 1256 1415 1299 καὶ
1449 1258 1503 1299 τὰ
1540 1254 1752 1313 αἰσθητὰ,
1790 1254 1867 1308 τάς
1894 1273 1941 1299 τε
1969 1253 2130 1299 τούτων
2159 1256 2205 1297 ἐν
2233 1254 2381 1307 αὐτοῖς

234 1334 305 1375 καὶ
350 1334 462 1389 πρὸς
510 1332 670 1390 ἄλληλα
717 1333 944 1389 γινομένας
982 1334 1195 1390 διαφορᾶς
1229 1335 1298 1377 καὶ
1337 1331 1614 1392 ὁμοιότητας,
1651 1333 1698 1378 ἐκ
1737 1332 1909 1378 πάντων
1943 1335 2096 1391 φασὶν,
2135 1336 2205 1376 ἵνα
2235 1331 2380 1377 πάντα

232 1409 427 1470 γινώσκῃ,
458 1410 770 1468 συγκεκράσῧαι
803 1412 878 1470 τὴν
910 1409 1099 1470 ψυχήν9).

435 1492 514 1534 Sed
539 1494 628 1546 jam
658 1497 823 1547 tempm
853 1498 915 1535 est
942 1506 1154 1546 quaerere,
1183 1493 1283 1547 quid
1312 1492 1482 1535 tandem
1502 1496 1662 1535 remoto
1681 1493 1793 1535 omni
1812 1492 1994 1548 mythico
2013 1492 2209 1534 orationis
2229 1506 2377 1546 genere

235 1570 352 1612 Plato
382 1584 524 1613 revera
554 1572 740 1612 docuerit
768 1571 819 1612 de
856 1572 1019 1613 animae
1056 1571 1291 1613 mundanae
1329 1571 1552 1612 elementis.
1612 1572 1749 1625 Atque
1763 1574 1766 1577 ’
1779 1571 1958 1625 primum
1987 1570 2030 1612 id
2059 1570 2271 1612 sciendum
2299 1571 2378 1612 erit

231 1663 257 1691 a
286 1649 458 1691 Platone
489 1649 692 1692 mundum
722 1650 802 1692 dici
833 1651 1078 1705 animal¹⁰)‚
1109 1650 1235 1692 immo
1265 1649 1389 1691 deum
1404 1651 1478 1704 1¹),
1508 1651 1702 1705 quoniam
1732 1649 1799 1692 dei
1829 1650 1977 1691 summi
2007 1649 2144 1704 imago
2172 1648 2378 1703 quaedam

231 1732 303 1770 est.
365 1728 544 1771 Animali
574 1733 617 1771 et
646 1743 793 1784 corpus
822 1735 884 1771 est
913 1733 954 1771 et
983 1730 1132 1771 anima.
1169 1751 1179 1758 -
1194 1730 1387 1770 Animam
1417 1729 1518 1771 deus
1552 1729 1708 1771 mundo
1743 1730 1936 1779 inseruit,
1973 1734 2021 1770 ut
2049 1743 2099 1770 ea
2128 1728 2298 1771 rationis
2326 1728 2380 1770 sit

230 1807 521 1862 particeps¹²)‚
561 1822 689 1862 quare
726 1809 865 1849 anima
903 1808 1087 1850 medium
1117 1808 1326 1862 quendam
1355 1809 1492 1850 locum
1521 1813 1636 1850 tenet
1663 1809 1772 1850 inter
1800 1809 2004 1850 rationem
2033 1812 2075 1849 et
2104 1821 2262 1862 corpus,
2321 1806 2378 1849 Et

231 1899 381 1940 corpus
409 1885 551 1927 mundi
581 1891 623 1928 et
652 1887 790 1928 anima
819 1901 869 1928 ex
899 1887 1044 1929 iisdem
1073 1886 1285 1928 elementis
1315 1887 1541 1941 composita
1570 1891 1686 1936 sunt3
1736 1886 1917 1941 alioquin
1954 1900 2102 1941 corpus
2131 1900 2213 1927 non
2241 1890 2378 1940 posset

230 1965 384 2005 moveri
414 1965 468 2006 ab
504 1966 645 2007 anima
682 1971 723 2007 et
762 1966 921 2016 anima,
959 1979 1066 2020 quae
1103 1967 1145 2008 in
1182 1980 1354 2021 corpore
1391 1966 1558 2016 fierent,
1601 1980 1682 2007 non
1718 1969 1995 2020 cognosceret.
2054 1966 2214 2006 Revera
2250 1964 2378 2019 igitur

229 2042 390 2091 anima,
430 2046 476 2084 ut
511 2043 569 2085 ita
607 2044 762 2091 dicam,
800 2044 1093 2086 microcosmus
1128 2044 1298 2099 quidam
1334 2048 1405 2085 est.
1467 2045 1653 2086 Universi
1690 2050 1827 2085 autem
1858 2044 2002 2085 mundi
2030 2045 2226 2097 quoniam
2262 2044 2303 2084 in
2332 2057 2375 2084 se

229 2123 385 2176 recepit
415 2122 544 2172 initia,
575 2126 750 2165 naturae
780 2124 868 2177 ejus
897 2128 959 2166 est
987 2124 1215 2178 particeps;
1246 2122 1413 2164 easdem
1443 2123 1636 2173 rationes,
1666 2123 1830 2165 eosdem
1852 2127 1999 2172 motus,
2028 2122 2216 2177 quisunt
2236 2135 2375 2163 rerum

229 2200 490 2249 caelestium,
522 2201 722 2256 refertw).
785 2202 922 2244 Rebus
952 2202 1008 2244 sic
1039 2216 1082 2243 se
1112 2201 1362 2244 habentibus
1390 2202 1498 2243 inter
1526 2202 1708 2243 animam
1738 2202 1881 2243 mundi
1910 2207 1952 2243 ot
1980 2215 2142 2255 corpus,
2172 2201 2206 2241 si
2234 2214 2377 2241 eorum

225 2285 463 2334 spectamus
493 2281 712 2329 elementa.
743 2281 845 2322 nihil
877 2295 974 2322 sane
1006 2281 1262 2334 interest¹⁴):
1293 2280 1364 2321 sed
1393 2295 1475 2322 non
1505 2281 1634 2330 video,
1665 2295 1739 2322 cur
1768 2280 1809 2322 id
1840 2280 2074 2334 negandum
2103 2280 2166 2321 sit.
2230 2279 2377 2320 Anima

434 2500 461 2537 ¹)
501 2496 583 2531 lbid.
610 2510 642 2541 p.
667 2498 754 2531 557A
775 2498 812 2532 B.

432 2554 461 2593 ²)
498 2557 680 2588 comment.
706 2552 739 2587 in
768 2553 853 2588 Plat.
877 2553 964 2588 Tim.
990 2563 1022 2597 p.
1047 2556 1090 2588 50
1114 2563 1163 2597 sq.

430 2612 460 2650 ³)
498 2622 529 2654 p.
558 2612 643 2643 1023
668 2610 709 2643 E.

429 2671 460 2708 ⁴)
498 2667 543 2706 Il,
569 2679 600 2710 p.
622 2668 675 2701 49.

430 2727 460 2765 -··)
499 2736 532 2768 p.
558 2724 623 2757 267»
656 2733 687 2757 ιι,
714 2725 765 2757 47.

400 2778 403 2780 ’
429 2782 459 2821 6)
498 2791 530 2824 p.
561 2782 633 2814 104.

431 2840 459 2875 τ)
498 2848 530 2880 p.
557 2840 632 2869 375.

430 2897 460 2935 ⁸)
497 2892 583 2926 Tim.
609 2895 651 2926 35
678 2893 708 2926 A
746 2894 787 2925 3?
814 2894 854 2925 A.

429 2950 456 2985 ⁹)
496 2949 583 2984 plut.
609 2960 636 2984 c.
662 2955 692 2984 2.

416 3008 459 3048 10)
498 3017 528 3050 p.
554 3008 598 3040 30
622 3005 652 3038 D
689 3008 732 3039 37
758 3005 799 3038 D.

415 3066 459 3105 ¹¹)
496 3075 528 3107 p.
554 3066 597 3098 34
622 3065 652 3097 A
679 3063 718 3097 B.
766 3062 816 3096 Cf.
842 3061 1001 3096 Krische.
1028 3060 1292 3104 Forschungen.
1315 3071 1349 3104 p.
1378 3058 1440 3093 195>
1465 3070 1512 3102 sq.

416 3120 460 3161 l⁸²)
499 3132 530 3166 p.
556 3121 600 3154 30
624 3119 663 3154 Β.

419 3178 461 3219 ²⁸)
499 3177 549 3212 Cf.
573 3176 872 3220 Trendelenburg.
898 3175 942 3210 ad
967 3175 1075 3209 Arist.
1101 3174 1144 3209 de
1167 3185 1222 3209 an.
1249 3173 1263 3207 1
1288 3174 1308 3207 3
1335 3174 1386 3206 11.

415 3235 460 3275 Η)
500 3234 589 3268 Plut.
614 3244 642 3268 e.
668 3235 698 3267 2.
