2944 3880
1502 343 1552 381 10

450 494 588 546 Quare
625 495 725 537 satis
760 494 979 550 probabile
1008 499 1071 537 est
1101 495 1264 537 Platoni
1293 495 1549 538 reddendum
1580 509 1667 539 esse
1696 492 1824 537 αὐτοῦ
1838 526 1849 548 ‚
1879 492 1991 548 quod
2020 491 2175 548 legitur
2203 495 2317 549 apud
2346 496 2539 540 Proclum
2552 500 2595 553 ¹).

450 571 562 617 Illud
591 569 721 616 αὐτοῦ
750 577 893 617 autem
923 571 1186 617 referendum
1215 587 1302 617 esse
1331 573 1496 617 videtur
1524 574 1579 617 ad
1607 571 1752 631 τρίτον
1782 568 1930 622 σι’-σίας
1958 565 2097 626 εἶδος,
2127 584 2209 615 non
2238 586 2333 616 cum
2362 573 2599 620 Steinharto

448 653 508 695 ita
552 651 862 708 accipiendum,
912 653 1030 708 quasi
1073 653 1352 696 nominativus
1402 654 1455 696 sit
1509 652 1559 695 τὸ
1605 649 1758 708 ἀμερὲς
1803 648 1925 703 αι’τό,
1975 650 2052 692 das
2089 664 2146 692 an
2186 651 2273 693 sich
2317 652 2600 700 Untheilbare:

450 745 550 773 nam
580 729 785 773 individui
814 730 932 774 ideae
963 730 1030 773 hic
1060 745 1143 773 non
1172 735 1234 773 est
1262 731 1386 774 locus.

654 809 769 861 Quae
796 809 829 852 si
860 810 920 851 ita
949 823 992 852 se
1030 808 1208 861 habent,
1245 808 1313 852 hic
1352 808 1466 852 locus
1503 808 1561 851 sic
1598 807 1834 852 reddendus
1869 807 1971 850 eritz
2030 807 2230 849 Partem
2270 808 2599 853 substantiae

448 887 754 930 individuae
781 902 1081 943 semperque
1102 888 1275 931 eodem
1295 887 1437 930 modo
1466 901 1515 930 se
1545 888 1784 929 habentis
1813 891 1863 928 et
1890 891 2087 942 partem
2115 886 2225 941 ejus
2254 886 2597 938 substantiae,

449 979 577 1022 quae
614 967 667 1008 in
706 966 1014 1022 corporibus
1050 966 1271 1009 dividua
1308 966 1397 1017 fit,
1438 967 1510 1009 ita
1548 966 1784 1015 miscuit,
1823 970 1879 1008 ut
1916 965 2132 1007 tertium
2168 977 2226 1006 ex
2262 965 2510 1007 ambabus
2549 969 2598 1009 in

449 1044 613 1089 medio
642 1049 880 1089 oreretur
908 1044 1238 1089 substantiae
1267 1058 1459 1102 genus;
1498 1044 1690 1087 deinde
1729 1048 1919 1086 natura
1955 1042 2191 1100 ejusdem
2221 1047 2270 1085 et
2305 1043 2529 1086 alterius
2559 1046 2598 1087 si

448 1122 747 1179 respicitur,
787 1123 943 1166 etiam
982 1123 1072 1166 hac
1111 1125 1312 1167 ratione
1348 1123 1567 1167 medium
1602 1124 1738 1165 inter
1773 1122 2112 1165 individuum
2150 1123 2260 1178 ejus
2290 1127 2338 1164 et
2365 1137 2454 1178 per
2485 1137 2597 1166 cor-

449 1215 572 1257 pora
610 1201 874 1244 dividuum
911 1204 1207 1258 composuit.
1270 1204 1432 1258 Atque
1461 1206 1663 1258 sumpta
1692 1216 1748 1244 ea
1775 1202 1881 1243 tria
1908 1202 1960 1242 in
1989 1215 2145 1242 unam
2174 1202 2341 1243 omnia
2372 1202 2597 1256 speciem

446 1282 766 1325 commiscuit
800 1281 1021 1324 alterius
1059 1286 1301 1325 naturam
1335 1283 1491 1338 jungi
1520 1286 1842 1324 recusantem
1872 1280 1916 1322 vi
1946 1294 2142 1336 cogens
2170 1281 2219 1322 in
2249 1280 2395 1324 idem.
2455 1281 2596 1324 Tem—

445 1374 629 1415 perans
665 1365 833 1403 autem
864 1375 971 1404 cum
1001 1361 1318 1404 substantia
1345 1365 1394 1404 et
1423 1376 1481 1404 ex
1511 1361 1678 1404 tribus
1706 1374 1815 1402 cum
1844 1374 1998 1402 unum
2027 1360 2257 1411 fecisset,
2295 1374 2476 1402 rursus
2506 1361 2596 1402 hoc

443 1442 607 1480 totum
645 1438 920 1481 distribuit
966 1442 1015 1481 in
1053 1445 1131 1482 tot
1169 1440 1304 1495 quod
1342 1440 1683 1482 conveniebat
1726 1442 1902 1493 partes
1946 1439 2125 1480 mistas
2171 1439 2293 1480 illas
2331 1453 2499 1482 omnes
2538 1454 2595 1480 ex

443 1516 610 1560 eodem
640 1521 689 1561 et
717 1532 775 1560 ex
804 1519 977 1562 altero
1006 1524 1057 1562 ct
1085 1534 1141 1563 ex
1170 1519 1492 1563 substantia.

644 1596 869 1651 Postquam
898 1597 1008 1639 hunc
1037 1597 1175 1639 locum
1203 1598 1571 1653 grammaticorum
1599 1596 1829 1639 rationibus
1859 1596 2174 1650 explicavimus,
2205 1597 2297 1651 jam
2325 1597 2595 1651 aperiendum

442 1672 562 1715 nobis
591 1678 672 1725 est,
709 1674 810 1729 quid
840 1674 960 1718 Plato
990 1689 1039 1717 eo
1068 1675 1216 1718 doceat
1245 1675 1296 1718 de
1325 1676 1487 1718 animae
1517 1674 1752 1718 mundanae
1781 1674 2005 1717 elementis.
2066 1673 2253 1716 Primum
2282 1674 2411 1729 igitur
2439 1687 2594 1725 eorum,

443 1765 465 1792 e
503 1751 652 1805 quibus
687 1752 869 1795 conflata
904 1758 985 1804 est,
1034 1753 1186 1796 dicitur
1221 1750 1245 1808 ἡ
1282 1750 1514 1809 ἀμέριστος
1548 1751 1618 1794 καὶ
1653 1749 1721 1795 ἀεὶ
1758 1751 1866 1794 κατὰ
1901 1749 2037 1794 ταύτὰ
2074 1747 2230 1804 ἔχουσα
2265 1748 2392 1794 σι’·σιά
2427 1754 2511 1795 sive
2550 1753 2596 1794 cc)

441 1825 610 1885 ἀμερές.
668 1830 758 1872 Iam
787 1831 970 1886 primum
1000 1831 1225 1882 videamus,
1263 1831 1364 1885 quid
1392 1832 1447 1874 sit
1475 1830 1524 1873 τὸ
1554 1828 1786 1885 ἀμέριστον
1816 1830 1887 1871 καὶ
1916 1827 1984 1872 ἀεὶ
2012 1829 2121 1872 κατὰ
2149 1827 2283 1871 ταῧτά
2311 1827 2418 1883 ἔχον,
2449 1830 2596 1872 deinde

441 1920 713 1961 quaeramus,
752 1923 961 1964 quaenam
991 1910 1030 1951 h.
1054 1910 1078 1950 l.
1112 1911 1170 1950 vis
1199 1910 1252 1951 sit
1281 1910 1480 1952 vocabulo
1510 1907 1671 1959 οὐσίας.
1730 1910 1864 1964 Atque
1894 1909 1999 1951 illud
2027 1908 2194 1963 quidem
2225 1909 2408 1951 dubitari
2438 1911 2595 1964 nequit,

441 1986 543 2040 quin
566 1986 658 2041 jam
687 1991 813 2031 antea
828 1991 862 2043 ²)
891 1987 1048 2031 dictum
1077 1989 1131 2031 sit
1161 1988 1223 2040 id,
1258 1988 1369 2043 quod
1398 2002 1561 2044 semper
1588 1989 1660 2039 sit,
1698 1992 1839 2031 ortum
1867 2001 1948 2029 non
1980 1987 2143 2030 habeat.
2204 1988 2281 2030 Est
2310 1988 2436 2044 igitur
2464 1989 2596 2031 omnis

440 2069 576 2108 motus
606 2067 872 2124 omniumque
902 2072 1138 2124 temporum
1168 2067 1495 2111 vicissitudinum
1524 2082 1673 2124 expers
1684 2068 1729 2124 ³).
1791 2068 1927 2123 Atque
1965 2067 2075 2111 idem
2111 2068 2306 2123 quoniam
2335 2067 2591 2110 individuum

442 2148 524 2195 est,
563 2140 776 2202 ἀκήρατον
786 2147 819 2198 ⁴)
855 2148 951 2201 jure
980 2146 1142 2190 dicitur.
1203 2146 1365 2190 Deinde
1394 2147 1504 2203 quod
1534 2147 1679 2191 eodem
1708 2146 1832 2189 modo
1860 2161 2023 2202 semper
2052 2161 2095 2189 se
2124 2146 2270 2198 habet,
2307 2147 2591 2203 intellegentia

439 2228 481 2266 et
518 2224 682 2267 ratione
717 2225 1084 2281 comprehenditur
1095 2229 1139 2277 ⁵).
1200 2225 1248 2267 Id
1276 2229 1437 2277 autem,
1475 2227 1586 2281 quod
1615 2228 1693 2269 sub
1723 2226 2051 2282 intellegentiam
2080 2225 2194 2267 cadit
2221 2230 2264 2267 et
2292 2239 2455 2282 semper
2483 2227 2591 2268 idem

437 2306 513 2353 est,
543 2303 793 2358 exemplaris
820 2304 952 2346 instar
981 2303 1106 2346 rebus
1135 2304 1327 2359 subeste).
1376 2305 1464 2347 Iam
1490 2319 1584 2347 vero
1614 2320 1676 2356 ea,
1706 2305 1759 2348 ad
1789 2319 1964 2360 quorum
1996 2304 2313 2347 similitudinem
2339 2306 2477 2347 omnia
2496 2311 2591 2348 sunt

437 2378 590 2432 efficta,
626 2385 787 2424 constat
816 2395 904 2425 esse
932 2382 1057 2424 ideas,

640 2459 724 2502 Nec
761 2474 857 2503 vero
894 2459 1008 2503 ideas
1045 2461 1154 2516 ipsas
1195 2462 1217 2503 i.
1250 2477 1283 2504 e.
1326 2461 1373 2503 cc)
1411 2458 1644 2517 ἀμέριστον
1680 2460 1751 2503 καὶ
1787 2458 1856 2503 dei,
1885 2460 1993 2503 κατὰ
2023 2459 2156 2503 ταύτὰ
2191 2457 2286 2514 ἔχον
2335 2462 2454 2504 Plato
2490 2461 2590 2504 dicit

436 2537 619 2592 primum
649 2539 813 2581 animae
844 2539 1081 2582 mundanae
1110 2540 1384 2592 elementum,
1429 2540 1501 2582 sed
1540 2539 1612 2596 τὴν
1649 2536 1881 2595 ἀμέριστον
1910 2539 1981 2582 καὶ
2009 2537 2077 2583 ἀεὶ
2105 2539 2214 2582 κατὰ
2241 2537 2376 2582 ταῦτὰ
2412 2538 2589 2593 ἔχουσαν

434 2612 596 2658 οὐσίαν.
654 2616 769 2659 Haec
805 2614 931 2659 οὐσία
969 2631 1052 2672 qua
1093 2619 1254 2661 ratione
1294 2619 1535 2673 accipienda
1570 2620 1641 2668 sit,
1686 2618 1857 2660 dubium
1888 2631 1975 2660 esse
2003 2632 2086 2660 non
2115 2622 2261 2673 potest.
2323 2618 2442 2660 Plato
2477 2619 2589 2660 enim

434 2694 485 2736 de
516 2694 707 2750 partibus
736 2695 858 2747 dicit,
898 2697 1049 2751 quibus
1079 2697 1307 2752 composita
1336 2697 1390 2738 sit
1419 2698 1559 2739 anima
1588 2697 1742 2739 mundi.
1802 2698 1939 2748 Quare
1969 2693 2107 2739 οὖσιάι
2117 2729 2129 2750 ,
2171 2711 2277 2751 quae
2313 2697 2412 2739 illae
2448 2701 2589 2752 partes

433 2772 650 2825 dicuntur,
688 2774 793 2817 nihil
830 2781 1002 2830 possunt
1038 2774 1291 2831 significare,
1332 2776 1410 2817 nisi
1449 2790 1519 2826 ea,
1558 2790 1663 2830 quae
1698 2776 1815 2831 quasi
1854 2776 2004 2819 ultima
2040 2789 2181 2818 rerum
2210 2775 2416 2819 elementa
2443 2789 2518 2830 per
2546 2791 2587 2814 s«-

641 2967 668 3007 ¹)
706 2965 755 3000 cf.
782 2977 888 3012 supra
925 2978 957 3011 p.
985 2970 1016 3002 7.

636 3023 666 3064 ²)
703 3033 736 3066 p.
760 3023 804 3056 27
829 3020 871 3055 D.

637 3078 667 3117 ³)
703 3089 736 3121 p.
761 3079 805 3112 38
830 3079 871 3112 A.

632 3132 665 3175 ⁴)
701 3145 733 3177 p.
758 3134 799 3168 41
826 3134 868 3169 D.
916 3133 966 3169 Cf.
992 3134 1135 3171 Preller.
1161 3134 1240 3170 hist.
1270 3134 1354 3180 phil.
1380 3145 1411 3169 n.
1437 3134 1503 3169 272
1517 3133 1548 3170 b.

633 3189 664 3230 ⁵)
700 3199 733 3234 p.
760 3189 803 3225 28
827 3190 869 3224 A.
918 3189 966 3226 cf.
994 3189 1193 3235 Ueberweg.
1229 3201 1261 3235 p.
1275 3192 1328 3225 45.

633 3247 663 3286 ⁶)
701 3256 733 3289 p.
759 3247 804 3279 48
828 3246 869 3278 Ε.
