2944 3880
1376 270 1402 310 7

584 418 689 465 ὅντα
734 417 1041 478 συνεκεράσατο
1088 419 1152 474 εἷς
1196 421 1300 478 μίαν
1349 419 1496 466 πάντα
1542 420 1662 467 ἰδέαν
1707 421 1785 479 τὴν
1825 420 2016 478 θατέρου
2059 419 2190 479 φύσιν

584 496 816 554 δύσμικτον
849 492 980 543 οὖσαν
1012 497 1076 551 εἷς
1109 498 1265 545 ταύτὸν
1299 496 1595 558 ξυναρμόττων
1628 498 1706 557 βίᾳ
1740 513 1753 524 ·
1795 498 1944 556 μιγνὺς
1989 498 2038 542 δὲ
2081 499 2191 554 μετὰ

583 579 661 632 τῆς
696 574 844 627 οὐσίας
878 575 950 619 καὶ
985 573 1033 620 ἐκ
1065 580 1196 635 τριῶν
1231 574 1527 635 ποιησάμενος
1565 574 1612 622 ἓν
1646 575 1782 621 πάλιν
1811 575 1912 621 ὅλον
1939 581 2067 621 τοῦτο
2094 576 2190 632 μοί-

583 671 661 713 ρας
707 650 814 707 ὅσας
869 656 1059 713 προσῆκε
1114 653 1347 713 διένειμεν,
1404 652 1587 715 ἑκάστην
1632 655 1682 700 δὲ
1727 653 1775 700 ἔκ
1820 671 1868 699 τε
1914 653 2071 699 ταύτοῦ
2117 655 2191 698 καὶ

474 741 524 780 10
582 733 772 791 θατέρου
799 732 873 778 καὶ
899 736 977 791 τῆς
1004 731 1153 787 οὐσίας
1179 734 1454 794 μεμιγμένην.

516 883 535 917 1
581 879 740 929 ἀμεροῦς
769 880 861 918 Plut.
885 891 915 919 c.
941 883 972 918 1.
1107 880 1163 917 ἀεὶ
1193 891 1260 917 0111.
1285 881 1368 916 Par.
1391 881 1448 915 F1.
1585 880 1642 916 ἀεὶ
1665 883 1727 916 καὶ
1750 880 1840 915 κατὰ
1870 881 1984 916 Procl.
2008 882 2044 916 in
2067 880 2155 916 Tim.
2180 879 2235 916 111
2263 892 2298 926 p.
2324 881 2391 918 176
2411 881 2455 926 Β,

312 938 374 972 καὶ
412 947 478 973 0111.
507 948 542 984 p.
568 939 632 974 185
664 938 705 973 B.
840 937 995 973 καταυτό
1024 937 1145 973 Ambr.
1169 949 1197 974 s.
1332 936 1375 972 τὰ
1404 935 1495 973 αὐτὰ
1531 937 1645 974 Procl.
1674 948 1710 983 p.
1737 936 1802 974 176
1831 935 1862 972 Β
1900 937 1965 973 183
1997 936 2038 973 B.
2176 930 2223 971 αὖ
2257 946 2324 973 0111.
2355 935 2452 974 Sext.

310 994 443 1038 Empir.
472 995 550 1028 adv.
579 995 687 1029 math.
716 994 735 1028 Ῑ
763 996 840 1029 301.
975 996 1000 1030 2
1042 995 1236 1040 γινομένης
1269 993 1364 1030 Flor.
1387 993 1412 1030 b
1433 1004 1458 1030 11
1480 997 1521 1039 β,
1566 995 1764 1040 γενομένης
1801 992 1882 1029 Par.
1917 992 1941 1029 S
1965 992 1998 1028 Y
2031 993 2152 1028 Ambr.
2177 1003 2213 1037 s,
2259 1003 2326 1028 om.
2357 993 2453 1029 Sext.

310 1049 414 1095 Emp.
436 1050 459 1085 1.
483 1050 506 1085 l.
639 1050 808 1097 μεριστῆς
836 1059 902 1085 om.
927 1048 1029 1086 vind.
1048 1052 1119 1096 γ’.
1255 1049 1296 1086 ἐν
1317 1052 1418 1097 μέσῳ
1441 1059 1507 1086 0111.
1531 1049 1627 1086 Sext.
1650 1048 1752 1094 Emp.
1775 1049 1798 1083 l.
1822 1049 1844 1083 l.
1981 1050 2003 1082 3
2039 1047 2301 1093 ευνεκεράσατο
2325 1049 2405 1085 Pu.
2421 1052 2455 1085 A

309 1105 480 1142 Pat.Vat.
502 1106 525 1145 δ
546 1105 741 1150 Bekkems,
764 1104 990 1153 συνεκρούσα
1013 1105 1108 1141 Flor.
1131 1115 1168 1149 x,
1191 1103 1454 1154 συνεκεράσατο
1479 1118 1513 1147 ς.
1656 1104 1781 1144 οὐσίας
1803 1123 1847 1132 —
1869 1106 1892 1141 6
1915 1102 2183 1151 συνεκεράσατο
2206 1115 2274 1140 om.
2298 1104 2379 1141 Par.
2395 1104 2455 1141 F1.

420 1164 482 1206 τῆς
503 1175 540 1199 τε
561 1161 694 1197 ταύτοῦ
718 1160 863 1209 φύσεως
884 1157 931 1196 αὖ
954 1163 1038 1207 πέρι
1061 1163 1124 1196 καὶ
1146 1163 1208 1206 τῆς
1229 1164 1388 1209 θατέρου
1425 1161 1533 1199 sciolo
1556 1161 1693 1199 cuidam
1715 1160 1902 1198 tribuenda
1924 1171 2001 1198 esse
2024 1160 2222 1207 suspicatur
2245 1161 2451 1198 Hoenebaek

307 1218 479 1261 ffissimk,
511 1218 681 1255 animadv.
710 1218 851 1254 criticae
879 1218 917 1253 in
945 1217 1078 1262 aliquot
1100 1217 1257 1255 Platonis
1279 1217 1413 1254 Timaei
1442 1218 1540 1254 locos
1570 1228 1605 1263 p.
1629 1221 1661 1255 6.
1797 1213 1843 1252 αὖ
1867 1220 1951 1265 πέρι
1981 1228 2047 1254 0111.
2072 1218 2169 1254 Sext.
2193 1217 2297 1264 Emp.
2320 1218 2343 1254 l.
2366 1218 2390 1254 1.
2414 1223 2451 1254 et

307 1273 432 1320 Pyrrh.
454 1274 575 1320 hypot.
597 1273 652 1309 III
678 1274 754 1318 189,
776 1272 953 1310 Davieius
974 1272 1021 1308 ad
1043 1273 1152 1309 Cicer.
1176 1273 1222 1309 de
1242 1278 1314 1309 nat.
1338 1273 1434 1309 deor.
1458 1273 1476 1308 1
1498 1275 1532 1318 8,
1554 1274 1749 1309 Bonitzv'ue
1770 1285 1804 1320 p.
1825 1277 1881 1317 52,
1904 1275 2044 1310 inclusit
2065 1273 2102 1310 0.
2127 1273 2173 1309 F.
2198 1274 2447 1310 Her-mamm.

307 1326 352 1366 ὂν
381 1329 498 1376 [πέρι]
533 1331 624 1376 conj.
653 1330 921 1366 Stalwaumius.
975 1329 1027 1365 Cf.
1055 1329 1182 1366 Bonitz
1214 1328 1237 1364 l.
1266 1329 1290 1364 l.
1342 1325 1390 1363 αὖ
1424 1329 1541 1375 [πέρι]
1577 1329 1809 1366 sumnam
1842 1330 1955 1374 (Plat.
1984 1328 2133 1366 sfimmtl.
2164 1328 2307 1366 Werke.
2364 1329 2443 1367 Von

306 1386 351 1420 Η.
382 1386 512 1422 Mulier
545 1387 618 1422 und
645 1386 921 1432 K.2Steinhm·t)
950 1386 1001 1423 VI
1035 1397 1069 1432 p.
1097 1387 1164 1422 243
1201 1389 1238 1422 et
1274 1384 1450 1430 Zenenoe,
1490 1385 1622 1423 Philos.
1652 1386 1686 1422 d.
1716 1385 1854 1422 Griech.
1887 1385 1945 1421 112
1969 1388 1987 1421 1
2023 1396 2057 1431 p.
2085 1386 2151 1420 491
2185 1390 2257 1421 not.
2283 1389 2314 1420 1.

304 1445 327 1478 4
371 1443 530 1489 θατέρου
558 1441 637 1479 Par.
661 1441 692 1478 F
720 1441 921 1487 Belckems,
955 1443 1021 1478 τοῦ
1043 1443 1202 1489 θατέρου
1230 1441 1327 1477 Flor.
1350 1452 1394 1486 x,
1427 1444 1491 1476 τοῦ
1514 1442 1637 1488 ἑτέρου
1660 1442 1706 1476 F.
1729 1443 1782 1477 W.
1805 1443 2007 1486 Waymus
2036 1442 2199 1484 (Platona
2222 1441 2386 1479 Timaeos
2416 1453 2450 1479 u.

306 1497 449 1534 Kritias.
473 1498 612 1534 Grieoh.
634 1508 668 1534 u.
692 1499 877 1544 Deutsch.)
905 1510 940 1545 p.
963 1502 1009 1534 42
1039 1509 1117 1533 cum
1141 1511 1165 1539 ς
1186 1502 1223 1533 et
1243 1498 1342 1533 libris
1364 1498 1532 1543 plurimis.
1668 1501 1730 1533 καὶ
1754 1497 1846 1534 κατὰ
1868 1499 1982 1534 ταῦτα
2005 1519 2049 1525 -
2094 1500 2116 1534 5
2160 1498 2335 1547 μεριστοῦ
2363 1502 2446 1545 post

305 1552 561 1600 ξυναρμόττων
588 1557 650 1598 βίᾳ
684 1555 783 1598 ponit
809 1554 1040 1590 stomun-m
1066 1555 1089 1589 l.
1111 1555 1134 1589 l.
1269 1555 1329 1588 καὶ
1365 1564 1433 1590 0111.
1464 1552 1543 1590 Par.
1567 1552 1598 1589 F
1634 1553 1716 1591 Vat.
1739 1562 1761 1591 ο
1794 1553 1909 1590 Procl.
1941 1565 1974 1600 p.
2002 1556 2067 1590 187
2090 1554 2127 1590 C.
2264 1557 2326 1588 καὶ
2356 1555 2447 1589 κατὰ

305 1609 435 1655 ταῦτα]
459 1609 594 1654 ‘idque’
618 1609 740 1645 Cicero
764 1610 808 1646 de
829 1610 922 1646 univ.
945 1613 976 1646 7.
1023 1609 1169 1655 Legisse
1182 1608 1328 1645 videtur
1351 1610 1415 1643 καὶ
1437 1611 1559 1645 ταῦτα.
1694 1611 1806 1645 ταῦτα
1831 1611 1910 1646 Par.
1934 1612 1967 1644 A
1991 1611 2023 1644 Y
2055 1611 2135 1646 Vat.
2162 1613 2194 1645 Θ
2225 1611 2299 1646 Pal.
2323 1611 2402 1646 Vat.
2426 1620 2444 1647 e

304 1666 391 1702 Ven.
415 1665 448 1703 Ξ
468 1667 505 1700 Σ
540 1664 643 1701 vind.
665 1670 706 1715 γ’
744 1665 842 1701 Mon.
865 1676 887 1711 q
929 1667 1020 1711 Ang.
1043 1675 1070 1701 a:
1111 1665 1185 1701 Ric.
1209 1674 1233 1711 g
1272 1664 1369 1701 Flor.
1392 1675 1415 1700 a
1435 1665 1459 1700 b
1482 1675 1502 1700 c
1523 1676 1548 1700 n
1570 1676 1591 1701 o
1614 1670 1637 1709 β
1677 1665 1882 1709 ΒεΗωτ-αε,
1918 1665 2029 1701 ταύτὰ
2058 1678 2082 1707 ς
2119 1677 2198 1702 cum
2234 1666 2349 1702 Procl.
2379 1667 2402 1702 L
2427 1665 2450 1702 l.

303 1721 355 1757 Cf.
379 1721 517 1757 Bonitz.
540 1732 575 1766 p.
590 1723 632 1755 51
658 1726 729 1756 not.
752 1724 784 1757 2.
918 1721 960 1759 ἓν
983 1723 1098 1758 ιιέσον
1120 1722 1200 1757 Vat.
1223 1729 1245 1758 ο
1267 1725 1334 1745 ¹⁴²⁸·
1472 1722 1494 1756 5
1539 1719 1674 1766 αὐτῶν]
1700 1720 1815 1756 αὐτοῦ
1838 1721 1952 1758 Procl.
1979 1723 2042 1758 187
2055 1720 2099 1765 Ε,
2123 1721 2353 1757 Stemharm
2375 1722 2397 1757 l.
2421 1723 2447 1759 l.

303 1776 462 1812 Zella-m
494 1787 530 1821 p.
553 1777 619 1811 492
649 1782 722 1812 not.
856 1776 900 1811 τὰ
929 1787 997 1812 0111.
1027 1776 1140 1813 Procl.
1172 1787 1207 1822 p.
1233 1777 1297 1812 187
1322 1776 1360 1812 C.
1494 1775 1585 1811 αὐτὰ
1614 1776 1694 1812 Par.
1717 1777 1752 1812 A
1775 1777 1806 1812 F
1842 1777 1916 1813 Pal.
1942 1777 2023 1812 Vat.
2045 1777 2067 1813 b
2101 1777 2188 1812 Ven.
2212 1780 2249 1811 Σ
2280 1778 2402 1813 Ambr.
2427 1789 2444 1814 s

301 1833 398 1870 Flor.
421 1837 446 1877 β
468 1832 556 1869 Tub.
587 1831 702 1869 Procl.
724 1844 759 1879 p.
785 1833 851 1871 188
872 1834 906 1870 A
928 1832 1125 1878 Bekkerus,
1149 1827 1196 1867 αὖ
1220 1830 1262 1866 τὰ
1286 1831 1480 1868 Bonitzius
1501 1842 1536 1878 p.
1559 1833 1604 1867 68
1627 1836 1664 1867 et
1686 1832 1788 1868 Jules
1810 1833 2078 1869 Simon-Suis&
2101 1833 2165 1877 (du
2189 1833 2445 1869 commentaire

301 1889 345 1926 de
367 1889 514 1925 Proclus
536 1899 596 1925 sur
618 1890 652 1925 le
674 1890 794 1925 Timee
816 1891 860 1926 de
882 1891 1018 1926 Platon.
1063 1889 1174 1924 Paris.
1200 1890 1305 1934 1839)
1339 1900 1373 1934 p.
1400 1891 1466 1925 160
1510 1900 1588 1925 cum
1611 1888 1629 1908 *
1653 1901 1687 1930 ς.
1823 1891 1844 1924 7
1891 1888 2003 1926 αὐτὸν
2033 1888 2113 1925 Par.
2136 1889 2170 1925 A
2212 1888 2291 1926 Vat.
2315 1897 2336 1928 ο
2371 1888 2448 1926 Pal.

301 1948 381 1982 Vat.
404 1946 425 1982 δ
463 1946 558 1981 Flor.
582 1958 606 1980 x
639 1946 839 1990 Bekkerus,
874 1946 913 1981 τὸ
930 1944 1025 1981 ἀὐτὸ
1056 1945 1148 1982 Plut.
1172 1956 1201 1982 c.
1227 1947 1265 1990 1,
1299 1943 1409 1981 ταύτὸ
1433 1945 1452 1964 *
1475 1956 1509 1987 ς.
1643 1948 1723 1991 βίᾳ,
1755 1943 1887 1992 μιγνὺς
1910 1964 1953 1970 -
1977 1944 2103 1983 οὐσίας
2127 1954 2136 1963 ·
2161 1947 2223 1979 καὶ
2253 1946 2446 1981 Βοηίιτίτιε

300 2014 334 2048 p.
358 2003 412 2038 68.
546 2004 568 2037 8
603 2004 664 2045 τῆς
687 2013 754 2038 0111.
778 2002 858 2038 Par.
883 2001 924 2038 F.
1059 2001 1100 2036 ἔκ
1122 2003 1195 2037 τῶν
1217 2003 1328 2046 τριῶν
1359 2000 1433 2036 Pal.
1462 2001 1543 2036 Vat.
1565 2009 1583 2038 e
1622 2002 1712 2045 Ang.
1735 2011 1763 2035 ,τ
1797 2002 1873 2036 Ric.
1896 2011 1919 2047 0
1957 2002 2052 2037 Flor.
2076 2012 2099 2037 a
2121 2013 2140 2037 c
2164 2013 2195 2037 o.
2331 2004 2443 2048 τριῶν

299 2057 342 2095 ἓν
363 2055 608 2105 ποιησάμενος
629 2058 790 2105 ἔμπαλιν
812 2059 925 2093 Procl.
949 2069 983 2102 p.
1011 2058 1075 2093 188
1098 2057 1139 2093 F.
1275 2054 1388 2091 τούτω
1412 2056 1486 2092 Pal.
1511 2056 1590 2092 vat.
1613 2056 1644 2100 θ,
1679 2055 1791 2102 τούτῳ
1814 2057 1895 2093 Par.
1918 2058 1951 2091 A
1975 2058 2084 2101 (teste
2106 2056 2257 2101 Bastio).
2395 2058 2445 2096 εἰς

299 2117 433 2162 μοίρας
464 2115 554 2159 conj.
584 2113 799 2158 Stephanus.
936 2115 959 2148 9
1005 2112 1110 2158 ὅσας]
1143 2114 1192 2151 εἰς
1222 2108 1264 2151 ἃς
1300 2112 1379 2149 Par.
1403 2112 1435 2148 F
1457 2116 1526 2136 ¹²⁸·
1564 2112 1655 2148 Plut.
1683 2122 1711 2147 c.
1738 2116 1777 2156 1,
1811 2110 1924 2151 οὔσας
1955 2112 2069 2149 Procl.
2100 2113 2123 2148 1.
2154 2114 2176 2148 l.
2312 2113 2371 2158 δὲ]
2404 2113 2446 2148 δὲ

299 2169 436 2206 τούτων
459 2171 537 2204 Vat.
561 2178 581 2205 ο
610 2169 705 2203 Flor.
729 2181 764 2212 x,
788 2181 854 2204 om.
878 2169 952 2204 Pal.
977 2168 1055 2204 Vat.
1078 2168 1099 2206 δ
1122 2167 1215 2204 Plut.
1239 2178 1268 2204 c.
1286 2170 1315 2203 1.
1445 2181 1481 2205 τε
1505 2179 1571 2206 0111.
1595 2169 1675 2205 Par.
1699 2168 1740 2204 F.
1866 2171 1909 2204 10
1943 2172 2003 2212 τῆς
2027 2180 2093 2204 om.
2119 2169 2233 2205 Procl.
2258 2180 2291 2214 p.
2309 2171 2371 2205 191
2393 2171 2436 2203 A.

497 2303 546 2346 In
582 2302 828 2360 explicando
863 2302 941 2346 hoc
981 2303 1071 2347 1000
1109 2303 1247 2359 prima
1283 2301 1508 2345 difficultas
1543 2315 1566 2344 e
1603 2302 1915 2344 constructionis
1950 2301 2110 2345 ratione
2147 2302 2292 2345 oritur.
2351 2302 2444 2346 Non

299 2381 400 2424 satis
419 2381 529 2424 enim
549 2385 738 2436 apparet,
766 2394 848 2436 quo
868 2381 1073 2424 referendi
1095 2382 1179 2424 sint
1207 2382 1385 2437 genetivi
1412 2384 1488 2436 τῆς
1516 2376 1747 2437 ἀμερίστου
1775 2381 1848 2423 καὶ
1877 2378 1945 2423 αἐἰ
1972 2380 2081 2423 κατὰ
2107 2377 2242 2424 ταύτὰ
2271 2376 2447 2437 ἐχούσης

297 2455 448 2510 οὐσίας
475 2457 548 2502 καὶ
575 2461 651 2517 τῆς
679 2452 733 2502 αὖ
761 2458 865 2515 περὶ
892 2458 947 2502 τὰ
976 2456 1155 2515 σώματα
1182 2458 1432 2516 γιγνομένης
1458 2462 1673 2514 μεριστῆς.
1731 2458 2029 2501 Stallbaumius
2056 2459 2277 2502 verborum
2304 2472 2447 2502 conse-

296 2537 504 2581 cutionem
533 2538 642 2580 hanc
671 2552 758 2580 esse
787 2537 888 2581 dicit
921 2535 1225 2595 ξυνεκεράσατο
1255 2532 1370 2589 εἶδος
1398 2539 1474 2594 τῆς
1503 2534 1734 2593 α’μερίστου
1764 2570 1774 2578 .
1804 2570 1814 2579 .
1845 2570 1856 2578 .
1886 2532 2034 2586 οὐσίας
2062 2534 2134 2579 καὶ
2162 2538 2238 2593 τῆς
2268 2527 2321 2578 αὐ
2350 2568 2361 2579 .
2392 2569 2403 2578 .
2434 2570 2445 2578 .

295 2618 499 2673 μεριστῆς
526 2614 671 2673 τρίτον
699 2609 853 2671 (εἶδος)
889 2613 1055 2670 οὐσίας,
1104 2618 1148 2659 in
1183 2617 1334 2671 quibus
1372 2629 1448 2670 per
1486 2615 1807 2657 redundantiam
1840 2615 2051 2669 quandam
2087 2615 2353 2670 interjectum
2391 2611 2446 2658 sit

295 2692 343 2747 ἐξ
368 2690 544 2751 ἀμφοῖν.
602 2695 697 2737 Iure
726 2695 834 2737 hane
864 2695 1027 2737 dicendi
1056 2696 1260 2738 rationem
1290 2694 1495 2736 Martinus
1508 2694 1540 2747 ¹)
1569 2696 1800 2735 contortam
1831 2707 1917 2736 esse
1951 2693 2155 2748 judicavit
2192 2707 2268 2737 1100
2304 2694 2441 2736 minus

293 2786 405 2825 eam,
453 2787 579 2828 quam
617 2773 883 2829 protulerunt
921 2773 1091 2817 Proclus
1104 2775 1159 2829 ²),
1199 2772 1448 2816 Hoenebeek
1485 2771 1653 2814 Hissink
1667 2770 1723 2826 ³),
1774 2770 1818 2813 C.
1851 2770 1899 2812 E.
1933 2771 2007 2814 Ch.
2039 2770 2326 2815 Schneiderus.
2386 2772 2441 2815 Hi

290 2851 400 2893 enim
429 2851 637 2907 genetivos
664 2854 740 2908 τῆς
767 2848 996 2908 ἀμερίστου
1026 2856 1068 2894 et
1096 2853 1172 2908 τῆς
1199 2854 1403 2908 μεριστῆς
1432 2847 1582 2898 οὐσίας
1605 2849 1834 2904 junxerunt
1863 2864 1959 2892 eum
1989 2848 2034 2892 ἐν
2063 2849 2201 2907 μέσῳ,
2240 2850 2439 2906 quemad·

491 3055 520 3096 1)
556 3054 678 3088 &tudes
702 3064 762 3088 sur
785 3053 817 3088 10
841 3053 959 3089 Τ111100
982 3052 1025 3088 de
1049 3051 1184 3087 Platon.
1214 3052 1228 3086 I
1254 3064 1288 3098 p.
1313 3053 1393 3089 347.

489 3111 519 3153 2)
554 3109 588 3144 in
613 3108 699 3144 Tim.
725 3107 777 3143 ΙΙ]
813 3119 845 3155 p.
875 3109 939 3144 186
961 3109 1004 3143 Α.

488 3167 518 3207 ³)
554 3165 721 3199 animadv.
746 3166 821 3199 erit.
846 3166 880 3198 in
902 3166 1033 3207 aliquot
1058 3166 1107 3198 Pl.
1134 3165 1223 3198 Tim.
1250 3166 1346 3200 locos
1376 3178 1409 3209 p.
1440 3167 1469 3199 5.
