2944 3880
1541 237 1592 279 16

493 390 734 436 substantiis
761 389 1071 445 respondeant?
1116 388 1228 432 Illud
1255 388 1384 446 igitur
1410 390 1482 446 qui
1510 390 1707 443 obiciunt,
1737 391 1918 446 primum
1943 404 2112 446 prorsus
2130 390 2388 433 sustulerunt
2406 391 2640 443 discrimen,

491 469 604 527 quod
631 470 740 512 inter
768 465 917 511 οὐσίαν
946 468 1223 512 substantiam
1252 473 1295 512 et
1322 465 1452 526 φύσιν
1481 474 1679 514 natm-am
1706 483 1733 512 a
1761 469 1934 513 Platone
1962 468 2121 512 factum
2150 483 2237 512 esse
2266 470 2367 511 satis
2404 475 2580 526 apparet
2592 472 2638 527 ¹).

491 547 652 591 Deinde
691 561 775 590 non
809 547 1004 591 viderunt
1040 562 1124 592 non
1160 549 1336 592 eandem
1373 562 1460 591 esse
1496 550 1711 605 utriusque
1747 549 1957 592 mixtionis
1985 549 2201 592 rationem.
2261 546 2505 591 Substantia
2532 549 2641 592 enim

489 626 709 691 individua
735 640 832 670 cum
861 641 932 679 ea,
971 640 1078 682 quae
1106 627 1150 669 in
1178 627 1421 683 corporibus
1449 627 1620 671 dividua
1647 627 1718 681 fit,
1757 628 1819 671 ita
1853 630 2131 683 temperatur,
2172 631 2220 670 ut
2255 626 2299 670 in
2329 627 2564 670 substantia
2591 641 2642 670 ex

490 708 540 750 iis
574 706 690 750 facta
726 710 877 750 neutra
908 707 998 762 jam
1036 706 1214 762 amplius
1241 707 1419 750 discerni
1446 707 1586 762 possit.
1645 707 1753 750 Huic
1781 710 1923 750 autem
1951 706 2207 750 substantiae
2235 721 2318 749 non
2346 706 2492 749 eodem
2519 706 2643 750 modo

491 785 602 829 duae
638 784 738 828 illae
773 789 950 828 naturae
985 781 1141 828 ταύτοῦ
1170 786 1222 839 ζει
1256 783 1447 839 θατέρου
1483 785 1694 828 admixtae
1730 776 1849 836 sunt3
1898 785 2079 840 alioquin
2115 800 2198 828 non
2235 785 2274 827 h.
2306 784 2333 827 1.
2371 789 2414 828 et
2451 800 2491 839 p.
2525 789 2577 828 37
2608 785 2645 826 A

492 868 668 920 praeter
696 860 845 906 οὐσίαν
875 866 1220 905 commemoratae
1249 863 1437 919 essent').

697 942 807 984 Eum
842 941 1002 993 locum,
1040 955 1165 996 quem
1193 940 1316 984 modo
1344 942 1610 998 interpretati
1638 956 1799 994 sumus,
1840 942 2053 986 Bonitzius
2066 944 2101 999 ³)
2137 944 2194 986 sic
2228 941 2492 985 scribendum
2521 944 2644 996 putat

497 1026 541 1065 et
569 1020 884 1077 explicandum:
930 1015 1030 1063 ‘nal
1057 1017 1156 1076 τρία
1183 1019 1326 1075 λαβὼν
1355 1013 1407 1063 αὖ
1435 1020 1491 1064 τὰ
1519 1017 1623 1081 ὄντα
1651 1017 1958 1078 ξυνεκεριίσατο
1987 1019 2050 1073 εἰς
2077 1019 2181 1076 μίαν
2210 1017 2355 1064 πάντα
2393 1016 2512 1062 ἰδέαν
2519 1053 2531 1073 ‚
2570 1018 2646 1076 τὴν

497 1099 687 1155 θατέρου
715 1095 846 1155 φύσιν
874 1095 1106 1152 δύσμικτον
1135 1091 1267 1141 οὖσαν
1295 1096 1358 1150 εἷς
1385 1097 1539 1143 ταύτὸν
1567 1096 1864 1155 ξυναρμόττων
1893 1097 1981 1158 βίᾳ,
2011 1099 2161 1156 μιγνὺς
2188 1098 2237 1143 δὲ
2261 1097 2372 1154 μετὰ
2389 1100 2466 1155 τῆς
2485 1094 2646 1148 οὐσίας.

496 1178 568 1221 καὶ
606 1176 654 1221 ἐκ
686 1179 817 1234 τριῶν
855 1173 1151 1233 ποιησάμενος
1195 1176 1241 1220 ἓν
1286 1182 1362 1221 etc.
1441 1179 1504 1222 Et
1544 1180 1650 1222 tria
1693 1178 1878 1222 deinde
1923 1178 2178 1222 adhibens
2220 1179 2363 1222 entia
2404 1178 2454 1221 in
2497 1191 2649 1220 unam

493 1257 708 1300 formam
746 1256 1086 1307 commiscuit,
1130 1259 1373 1299 naturam
1417 1257 1635 1310 diversi,
1682 1258 1836 1301 mistu
1872 1256 2176 1308 difficilem,
2220 1258 2433 1300 invitam
2469 1257 2515 1298 vi
2553 1255 2648 1298 mi-

498 1349 648 1378 scens
677 1349 785 1377 cum
814 1348 890 1385 eo,
925 1334 1058 1389 quod
1092 1334 1226 1376 idem
1261 1338 1356 1386 est,
1395 1335 1686 1379 admiscens
1721 1339 1897 1379 autem
1926 1335 2214 1378 essentiam.
2273 1335 2339 1377 Ita
2367 1349 2441 1389 per
2469 1331 2568 1389 τρία
2595 1331 2650 1375 τὰ

499 1409 604 1455 ὄντα
630 1426 715 1455 non
743 1412 799 1453 ad
828 1424 879 1454 ea
906 1412 1141 1466 respicitur,
1170 1426 1278 1467 quae
1306 1416 1431 1455 antea
1460 1418 1784 1457 commemorata
1812 1417 1921 1466 sunt,
1951 1413 2023 1456 sed
2052 1413 2107 1456 ad
2135 1427 2186 1456 ea
2214 1413 2367 1467 potius,
2396 1427 2503 1467 quae
2532 1411 2650 1453 dein-

497 1504 594 1546 ceps
622 1493 941 1541 enumerantur,
979 1486 1155 1543 ταύτόν,
1195 1485 1383 1547 θάτερον
1420 1494 1463 1533 et
1498 1488 1647 1535 οὐσίαν
1686 1506 1821 1547 neque
1860 1491 1976 1535 aliud
2013 1487 2138 1534 οὐσία
2172 1490 2398 1547 significat,
2436 1490 2514 1532 nisi
2542 1490 2653 1545 quod

501 1571 654 1625 ubique
692 1568 917 1624 significat,
966 1568 1039 1610 ubi
1074 1568 1186 1610 nude
1221 1582 1272 1611 ac
1308 1569 1554 1624 simpliciter
1589 1574 1836 1626 usurpatur,
1885 1570 2106 1612 essentiam
2147 1570 2231 1612 sive
2277 1566 2380 1613 αὐτὸ
2416 1569 2467 1612 τὸ
2506 1563 2628 1612 εἶναι.
2642 1565 2654 1581 ²

500 1649 716 1692 Bonitzius
754 1647 865 1690 enim
902 1643 1058 1689 ταύτὸν
1095 1647 1196 1689 dicit
1231 1661 1318 1690 esse
1357 1648 1636 1700 individuum,
1686 1649 1899 1691 dividuum
1939 1649 2050 1691 circa
2087 1661 2262 1702 corpora
2301 1645 2489 1704 θάτερον
2530 1651 2655 1703 atque

500 1727 705 1778 animam,
745 1725 867 1769 sicuti
895 1725 1020 1768 mista
1049 1724 1103 1767 sit
1130 1739 1181 1767 ex
1209 1724 1424 1769 individua
1451 1729 1659 1771 constanti
1687 1732 1731 1771 et
1759 1727 1927 1771 dividua
1956 1726 2107 1769 diversi
2142 1730 2320 1779 natura,
2356 1727 2418 1769 ita
2444 1726 2488 1768 in
2516 1726 2654 1769 medio

502 1806 750 1849 collocatam
779 1819 867 1848 esse
892 1808 936 1847 et
963 1803 1075 1846 idem
1103 1804 1212 1846 inter
1241 1808 1284 1847 et
1312 1804 1539 1858 diversum,
1577 1811 1620 1850 et
1654 1805 1910 1849 individuam
1938 1806 2048 1848 inter
2076 1804 2369 1860 dividuamque
2398 1809 2593 1849 naturam
2606 1805 2653 1862 ⁴).

502 1884 585 1927 Sed
628 1885 812 1940 primum
851 1883 1065 1925 Bonitzius
1102 1882 1345 1935 discrimen,
1393 1884 1505 1939 quod
1541 1899 1567 1927 a
1603 1886 1775 1928 Platone
1812 1886 1922 1927 inter
1958 1881 2106 1927 οὐσίαν
2143 1887 2186 1927 et
2222 1880 2352 1940 φύσιν
2388 1883 2545 1926 factum
2581 1888 2656 1934 est,

500 1977 669 2020 prorsus
696 1962 893 2018 neglexit.
952 1960 1113 2003 Deinde
1141 1960 1287 2017 τρίτον
1315 1962 1421 2005 illud
1450 1960 1599 2014 οὐσίας
1628 1958 1743 2013 εἶδος
1772 1963 1806 2006 si
1834 1966 1975 2006 ortum
2004 1966 2066 2005 est
2104 1977 2156 2005 ex
2194 1961 2362 2014 eodem,
2400 1963 2512 2017 quod
2548 1962 2657 2005 indi-

502 2042 675 2084 viduum
703 2045 786 2093 est,
825 2043 950 2096 atque
978 2053 1030 2082 ex
1058 2039 1236 2091 diverso,
1267 2041 1379 2096 quod
1407 2045 1470 2084 est
1498 2041 1737 2093 dividuum,
1767 2041 1811 2084 id
1840 2041 2008 2097 quidem
2037 2055 2120 2083 non
2150 2042 2250 2083 satis
2278 2041 2555 2097 intellegitur,
2586 2056 2659 2083 cur

507 2121 652 2176 paullo
680 2123 776 2175 post
804 2133 888 2162 non
916 2119 1082 2162 dicatur
1109 2119 1274 2162 misceri
1303 2134 1398 2162 cum
1428 2121 1617 2163 essentia.
1663 2121 1819 2163 Mirum
1847 2121 1890 2162 in
1919 2120 2088 2163 modum
2107 2119 2227 2161 Plato
2248 2119 2504 2170 mixtionem,
2533 2133 2659 2174 quam

506 2199 629 2242 modo
658 2203 1054 2241 commemoraverat
1089 2199 1244 2242 factam
1272 2212 1379 2249 esse,
1419 2200 1564 2254 paullo
1593 2203 1687 2254 post
1713 2199 1962 2254 neglexisset
1976 2198 2022 2253 ⁵).
2081 2197 2271 2253 Denique
2301 2198 2485 2240 animam
2513 2198 2659 2253 ipsam,

509 2282 559 2320 ut
592 2292 677 2320 non
712 2279 766 2320 sit
802 2277 916 2329 idea,
955 2279 1016 2320 ita
1051 2279 1178 2321 etiam
1217 2293 1268 2321 ex
1303 2278 1407 2321 ideis
1444 2279 1715 2333 compositam
1754 2292 1841 2320 esse
1881 2291 1964 2319 non
2000 2291 2118 2332 posse
2148 2277 2304 2331 optime
2334 2275 2476 2321 docuit
2504 2275 2662 2319 Ueber-

511 2358 717 2412 wegiusss).
770 2356 1006 2399 Bonitzium
1035 2356 1114 2399 hac
1142 2357 1186 2399 in
1215 2372 1260 2400 re
1290 2361 1454 2400 secutus
1484 2361 1546 2399 est
1575 2357 1835 2411 Martinus7),
1864 2356 1936 2411 qui
1963 2353 2108 2410 τρίτον
2137 2352 2287 2406 οὐσίας
2316 2349 2430 2405 εἶδος
2458 2354 2664 2409 intellegit

507 2449 666 2483 essence
703 2436 1028 2485 interme‘diaire,
1077 2435 1153 2491 τὴν
1190 2432 1337 2478 οὐσίαν
1380 2439 1520 2477 autem
1558 2448 1714 2477 esscnce
1747 2434 2035 2477 c’est-d-dire
2071 2433 2114 2475 la
2149 2433 2443 2486 participatior»
2479 2433 2506 2474 ἀ
2542 2432 2662 2474 Ρὲένο.

513 2514 689 2569 Propter
716 2514 795 2555 hoc
824 2513 1057 2564 discrimen,
1087 2513 1199 2568 quod
1227 2514 1337 2555 inter
1366 2510 1514 2562 οὐσίας
1543 2512 1652 2564 fecit,
1677 2512 1775 2568 jure
1803 2511 2077 2568 reprehensus
2107 2514 2170 2554 est
2197 2525 2224 2553 a
2246 2510 2290 2554 C.
2311 2509 2356 2552 F.
2376 2509 2656 2563 Hermannoss)

719 2762 749 2806 ¹)
784 2759 922 2797 Primus
946 2769 966 2796 e
987 2758 1240 2796 recentioribus
1263 2764 1359 2796 recte
1380 2760 1472 2797 inter
1496 2760 1625 2797 οὐσίαν
1648 2766 1684 2796 et
1708 2758 1823 2805 φύσιν
1846 2759 2009 2796 discrevit
2032 2758 2254 2794 Steinhartus
2277 2770 2310 2801 p.
2335 2758 2387 2791 97.

714 2819 745 2861 ³)
780 2817 935 2853 Boeckh.
960 2828 994 2862 p.
1018 2818 1063 2851 40
1087 2815 1150 2860 (kl.
1177 2815 1318 2851 Schrift.
1342 2817 1397 2852 ΠΙ
1421 2829 1453 2863 p.
1482 2818 1572 2862 134).
1620 2816 1824 2862 Ueberweg.
1849 2827 1882 2862 p.
1907 2818 1960 2852 42.
2008 2814 2132 2852 Zeller.
2157 2825 2191 2860 p.
2215 2815 2279 2849 491
2305 2817 2377 2849 not.
2405 2815 2434 2848 1.

715 2876 747 2917 ⁸)
782 2885 816 2918 p.
841 2875 895 2908 68.

715 2929 747 2973 ⁴)
783 2941 816 2975 p.
840 2931 895 2965 51.

717 2986 748 3028 ⁶)
785 2984 986 3029 Ueberweg.
1011 2995 1044 3030 p.
1069 2986 1123 3019 42.

719 3042 750 3085 ⁸)
785 3053 820 3088 p.
841 3044 886 3077 46
909 3052 959 3086 sq.
988 3044 1043 3077 54.

720 3098 746 3141 ⁷)
780 3099 797 3133 Ι
827 3110 859 3143 p.
885 3100 952 3133 350
974 3109 1024 3142 sq.
1052 3099 1129 3132 380.

720 3156 751 3197 ⁸)
787 3154 830 3189 de
854 3153 999 3199 interpr.
1023 3153 1112 3189 Tim.
1137 3164 1170 3199 p.
1199 3155 1240 3189 18
1267 3157 1339 3189 not.
1363 3152 1418 3187 57.
