2944 3880
1485 380 1489 381 f
1543 324 1606 382 ,29
1643 379 1648 381 ,
1714 379 1772 383 m

500 476 610 517 enim
643 488 720 528 per
749 489 791 517 se
822 478 1012 529 spectata
1041 476 1287 530 principium
1319 482 1381 518 est
1410 477 1601 520 motionis
1616 476 1648 531 l)
1685 482 1728 518 et
1763 476 1890 525 vitae,
1930 491 2036 531 quae
2065 477 2103 517 in
2136 477 2290 518 mundo
2319 477 2511 518 cernitur.
2569 476 2649 518 Sed

500 555 589 609 ipsa
617 556 759 596 creata
789 567 876 595 esse
914 553 1086 605 dicitur,
1126 558 1173 596 ut
1208 554 1324 597 sedes
1361 555 1565 610 quaedam
1607 555 1659 597 sit
1696 556 1845 598 rationi
1884 560 1925 597 et
1959 555 2190 603 vinculum,
2228 570 2309 609 quo
2348 570 2442 598 cum
2478 569 2648 610 corpore

499 635 788 688 conjungatur.
849 632 996 686 Itaque
1027 633 1185 681 anima,
1224 637 1430 687 quatenus
1459 634 1548 687 ejus
1577 648 1675 687 pars
1704 638 1767 675 est
1796 648 2014 687 corporum
2044 633 2294 684 substantia,
2335 633 2529 675 cohaeret
2557 648 2649 674 cum

499 726 671 767 corpore
703 710 860 761 mundi,
891 715 1095 766 quatenus
1125 710 1312 753 idearum
1343 711 1588 762 substantia,
1620 712 1905 753 necessitatem
1928 710 2055 753 habet
2075 726 2169 753 cum
2192 713 2363 754 ratione.
2407 712 2468 753 Ita
2489 710 2650 753 efficere

498 796 647 847 potest,
678 795 726 833 ut
756 788 935 833 mundus
964 788 1149 832 idearum
1180 790 1233 831 sit
1262 805 1406 844 capax,
1437 796 1479 832 et
1509 792 1597 844 ejus
1625 805 1702 844 ope
1732 791 1839 832 ratio
1868 791 2007 832 omnia
2038 792 2151 843 regit.
2214 791 2296 833 Nec
2328 796 2436 833 recte
2466 791 2649 842 dicunt2)

498 872 701 918 animam,
740 874 942 922 quatenus
979 882 1029 909 ex
1067 867 1254 909 idearum
1292 867 1525 910 substantia.
1561 867 1673 910 facta
1712 869 1785 915 sit,
1823 882 2067 921 cognoscere
2097 867 2233 915 ideam
2283 884 2379 910 nam
2410 869 2522 910 ideas
2551 869 2650 909 satis

498 953 660 992 constat
697 962 778 989 non
816 947 957 988 anima
993 945 1304 1000 comprehendi,
1350 945 1421 987 sed
1460 946 1630 995 ratione.
1691 946 1831 988 Potius
1868 945 2086 987 dicendum
2126 947 2203 987 erit
2241 948 2423 989 animam
2462 946 2648 988 idearum

498 1027 772 1070 substantiam
804 1023 1014 1079 quandam
1046 1025 1086 1066 in
1117 1039 1158 1067 se
1189 1025 1412 1075 continere,
1443 1039 1571 1079 quare
1601 1024 1739 1067 sedem
1771 1039 1857 1066 esse
1889 1039 2004 1078 posse
2034 1026 2216 1071 rationis.
2247 1040 2330 1078 qua
2357 1026 2472 1068 ideae
2499 1040 2649 1079 cogno-

498 1111 679 1153 scantur,
710 1105 768 1147 ita
797 1108 842 1145 ut
872 1103 1012 1145 anima
1040 1108 1263 1158 propterea
1291 1103 1479 1146 idearum
1511 1104 1563 1145 sit
1592 1104 1822 1157 particeps,
1853 1103 1963 1158 quod
1993 1104 2099 1145 ratio
2129 1105 2164 1145 ei
2196 1105 2313 1153 insit3
2350 1105 2531 1159 itemque
2561 1105 2649 1145 ani-

499 1200 609 1227 mam
639 1199 779 1225 rerum
809 1182 1084 1225 substantiam
1116 1183 1157 1224 in
1188 1198 1230 1224 se
1260 1182 1481 1237 recepisse,
1520 1186 1567 1224 ut
1602 1181 1780 1224 facultas
1814 1183 1848 1224 ei
1880 1184 1933 1224 sit
1962 1198 2026 1224 res
2056 1183 2132 1224 sub
2162 1198 2302 1225 sensus
2332 1184 2526 1226 cadentes
2555 1199 2648 1238 per-

497 1264 684 1319 cipiendi.
751 1262 842 1304 Etsi
877 1263 986 1305 enim
1024 1261 1144 1304 Plato
1191 1276 1273 1304 non
1320 1263 1404 1316 ipse
1451 1261 1562 1304 dicat
1605 1262 1753 1304 similia
1790 1263 1993 1305 similibus
2029 1264 2236 1317 cognosci,
2281 1268 2421 1304 tamen
2459 1277 2506 1304 ea
2544 1263 2650 1304 ratio

496 1357 627 1396 neque
665 1341 720 1384 ab
758 1356 807 1383 ea
843 1341 1000 1383 Timaei
1040 1346 1179 1395 parte,
1218 1356 1323 1395 quae
1361 1346 1420 1382 est
1461 1341 1511 1382 de
1543 1341 1682 1382 anima
1712 1341 1874 1386 mundi.
1918 1357 2048 1394 neque
2079 1342 2132 1382 ab
2162 1342 2349 1382 universo
2380 1342 2455 1382 hoc
2485 1341 2650 1394 dialogo

494 1420 631 1464 aliena
660 1420 773 1474 est3).

697 1498 745 1539 In
774 1498 852 1540 hac
882 1497 960 1540 loci
991 1497 1226 1539 difficillimi
1257 1497 1531 1551 explicatione
1562 1512 1626 1538 ine
1657 1512 1739 1538 non
1768 1498 1874 1549 fugit
1903 1498 2061 1551 aliquot
2092 1497 2270 1539 residere
2295 1497 2507 1552 scrupulos
2537 1498 2648 1538 haud

494 1580 649 1619 tenues.
711 1576 803 1618 Iure
843 1576 953 1618 enim
991 1576 1172 1625 mireris,
1211 1591 1284 1617 cur
1314 1575 1433 1617 Plato
1471 1574 1521 1616 τὸ
1552 1572 1706 1629 ἀμερὲς
1734 1581 1897 1629 partem
1928 1592 2013 1617 esse
2044 1577 2194 1617 dixerit
2223 1577 2383 1616 animae
2415 1576 2650 1616 mundanae

495 1670 578 1697 una
606 1669 698 1697 cum
731 1669 792 1702 eo,
822 1653 933 1708 quod
964 1654 999 1695 ei
1031 1657 1093 1695 est
1122 1655 1408 1708 oppositum4).
1453 1653 1604 1696 Mirum
1637 1653 1679 1694 id
1709 1668 1870 1707 quoque
1902 1654 2065 1696 videtur
2094 1670 2193 1701 esse,
2224 1654 2334 1707 quod
2355 1658 2518 1707 partem
2538 1654 2649 1695 illius

494 1733 750 1776 substantiae
782 1732 883 1775 deus
913 1732 1064 1774 dicitur
1094 1733 1325 1786 sumpsisse.
1386 1733 1474 1775 Hoc
1513 1747 1674 1787 quoque
1712 1731 1879 1774 difficile
1916 1732 2191 1787 intellegitur,
2228 1748 2311 1786 qua
2341 1733 2500 1774 ratione
2529 1733 2649 1774 Plato

493 1812 680 1855 idearum
724 1811 1001 1854 substantiam
1043 1810 1255 1866 quandam
1292 1812 1475 1866 potuerit
1518 1810 1725 1865 effingere.
1787 1809 1865 1851 Sed
1905 1826 2047 1852 omnes
2084 1811 2161 1852 hae
2199 1811 2479 1853 dubitationes
2518 1812 2649 1865 magis

492 1890 684 1933 videntur
721 1891 853 1933 inesse
881 1890 1067 1932 Platonis
1103 1889 1316 1932 doctrinae
1357 1890 1451 1944 ipsi,
1493 1904 1619 1945 quam
1657 1894 1823 1932 nostrae
1862 1890 2203 1944 interpretationi.
2265 1889 2384 1932 Plato
2413 1891 2520 1934 enim
2553 1906 2648 1933 cum

491 1970 675 2013 animam
705 1969 821 2012 illam
852 1969 993 2012 mundi
1025 1973 1303 2030 componeret,
1335 1983 1382 2012 eo
1414 1969 1453 2011 id
1485 1969 1654 2011 consilio
1683 1967 1825 2011 fecisse
1854 1967 2067 2024 putandus
2096 1973 2170 2015 est.
2202 1972 2248 2010 ut
2279 1969 2488 2011 vinculum
2517 1969 2648 2025 quod-

491 2048 588 2090 dam
626 2048 814 2090 idearum
845 2052 887 2089 et
918 2062 1054 2089 rerum
1088 2048 1298 2090 inveniret..
1359 2048 1520 2089 Revera
1556 2048 1664 2089 enim
1704 2047 1873 2095 ambae,
1916 2047 2027 2102 quod
2067 2061 2210 2088 earum
2249 2052 2424 2089 naturae
2464 2049 2571 2090 inter
2607 2063 2649 2090 se

490 2132 587 2169 sunt
623 2127 856 2181 oppositae,
899 2127 1066 2169 omnino
1104 2142 1186 2168 non
1223 2127 1415 2168 videntur
1446 2127 1607 2168 misceri
1637 2141 1767 2180 posse.
1829 2126 1949 2176 Quod
1978 2141 2003 2167 a
2032 2126 2203 2167 Platone
2233 2126 2320 2179 ipso
2350 2141 2432 2168 non
2460 2131 2649 2180 praeter-

492 2204 661 2248 missum
691 2219 778 2247 esse
808 2206 906 2247 satis
935 2206 1228 2259 cognoscimus.
1282 2205 1394 2247 Dicit
1423 2206 1534 2247 enim
1565 2203 1732 2246 difficile
1762 2204 1884 2246 fuisse
1914 2203 1989 2260 τὴν
2021 2202 2209 2259 {tardem-
2239 2200 2369 2260 φύσιν
2399 2206 2650 2260 conjungere

489 2298 583 2324 cum
620 2279 784 2337 ταίτῷ,·
833 2288 955 2324 notae
997 2283 1152 2324 scilicet
1190 2288 1287 2324 sunt
1325 2298 1464 2324 rerum
1502 2285 1610 2324 inter
1646 2298 1688 2322 se
1726 2284 2024 2336 oppositarum.
2084 2282 2204 2322 Plato
2240 2283 2366 2335 igitur
2403 2297 2496 2324 cum
2535 2283 2647 2324 haud

489 2362 700 2417 ignoraret
729 2361 843 2404 ideas
871 2376 967 2403 cum
998 2361 1123 2403 rebus
1153 2360 1346 2404 confundi
1377 2376 1459 2403 non
1489 2376 1628 2416 posse,
1660 2377 1740 2405 non
1771 2376 1840 2404 eas
1870 2362 1979 2415 ipsas
2008 2360 2244 2414 conjunxit,
2276 2360 2348 2402 sed
2377 2375 2521 2403 earum
2552 2361 2648 2403 sub-

490 2441 688 2483 stantiam
724 2439 956 2493 quandam,
995 2454 1121 2493 quani
1159 2439 1290 2482 finxit.
1350 2440 1456 2481 Hinc
1493 2445 1587 2482 orta
1624 2444 1687 2482 est
1725 2440 1798 2482 illa
1836 2440 2020 2494 partium
2056 2441 2219 2481 animae
2257 2440 2496 2494 descriptio,
2541 2453 2649 2494 quae

490 2533 662 2574 magnas
691 2517 821 2560 habet
845 2516 1127 2559 difficultates.
1174 2518 1328 2559 Rerum
1359 2519 1468 2560 enim
1499 2518 1733 2560 substantia
1762 2532 1860 2560 sane
1890 2518 2140 2574 respondere
2169 2518 2332 2560 videtur
2360 2519 2509 2572 spatio,
2539 2516 2650 2573 quod

490 2598 617 2639 etiam
647 2598 687 2638 in
717 2597 854 2639 altera
883 2597 1042 2638 Timaei
1071 2602 1193 2650 part-e
1224 2602 1581 2639 commemoratur.
1642 2597 1722 2639 Sed
1763 2598 1862 2652 quid
1900 2602 1963 2639 est
1990 2597 2178 2639 idearum
2208 2597 2468 2638 substantia?
2526 2596 2649 2637 Ideae

489 2677 600 2719 enim
629 2676 821 2718 videntur
849 2690 968 2730 posse
999 2690 1132 2731 neque.
1162 2691 1183 2717 e
1214 2675 1447 2718 substantia
1476 2676 1658 2731 quadam
1689 2682 1813 2718 natae
1843 2691 1930 2718 esse
1961 2691 2094 2731 neque
2122 2677 2165 2717 in
2194 2690 2322 2718 unum
2354 2674 2550 2726 conferri,
2591 2676 2651 2717 ita

488 2760 537 2797 ut
573 2756 805 2798 substantia
842 2755 1049 2810 quaedam
1079 2756 1130 2796 iis
1159 2754 1383 2804 efficiatur,
1422 2755 1493 2796 sed
1525 2755 1750 2798 monadum
1781 2761 1877 2797 sunt
1907 2755 2185 2810 multitudo-²³).
2247 2755 2333 2796 Cur
2360 2759 2501 2796 autem
2530 2754 2650 2796 Plato

692 3017 720 3055 ¹)
757 3016 793 3050 C.
818 3015 858 3050 F.
882 3015 1074 3051 Hermann.
1100 3027 1132 3060 p.
1158 3018 1211 3050 23.

689 3074 719 3113 ¹¹)
754 3070 912 3107 Zellerus
947 3082 982 3117 p.
1007 3072 1071 3106 491
1098 3074 1171 3106 not.
1199 3072 1228 3107 1.

688 3131 720 3171 ³)
755 3126 805 3161 Os.
829 3126 1129 3172 Trendelenburg.
1153 3127 1199 3163 ad
1222 3127 1332 3163 Arist.
1357 3126 1401 3162 de
1426 3137 1481 3162 an.
1508 3126 1521 3161 I
1548 3128 1569 3162 2
1595 3129 1624 3162 7.

688 3189 720 3228 ⁴)
756 3184 903 3219 Procius
926 3195 960 3230 p.
990 3187 1054 3220 185
1078 3185 1117 3219 F.
1166 3185 1357 3220 Steinhart.
1384 3196 1418 3229 p.
1443 3186 1497 3218 96.

684 3243 718 3285 ⁶)
752 3239 797 3275 Κ.
822 3239 926 3283 Justi,
950 3239 1022 3276 Die
1045 3241 1283 3277 §.stheuschen
1308 3240 1491 3276 Elemente
1516 3240 1550 3275 in
1575 3240 1607 3276 d.
1633 3240 1720 3275 Plat-
1746 3239 1875 3275 Philos.
1902 3250 1934 3283 p.
1966 3242 2037 3274 151.
