2944 3880
1518 311 1567 350 12

467 460 545 503 Cui
574 461 609 503 si
644 459 825 503 alterum
859 460 1026 503 animae
1062 462 1300 506 mundanae
1339 463 1590 506 elementum
1625 467 1855 506 statuemus
1892 463 1927 505 si
1963 476 2048 506 non
2085 477 2184 518 par,
2220 467 2362 506 tamen
2397 467 2618 519 cognatm

467 552 574 589 esse,
613 537 735 580 facile
763 538 911 590 etiam,
950 552 1024 582 cur
1056 539 1101 582 id
1129 540 1251 584 Plato
1281 542 1394 585 dicat
1421 541 1496 598 τὴν
1524 540 1633 584 κατὰ
1659 540 1715 584 τὰ
1742 537 1922 595 σώματα
1948 539 2197 598 γιγνομένην
2225 541 2430 598 μεριστὴν
2457 538 2618 594 οὐσίαν,

467 616 766 671 intellegemus,
841 617 956 668 Quae
1005 619 1142 662 minus
1190 624 1302 663 recte
1342 620 1651 675 Steinhartus1)
1692 621 2015 674 interpretatur:
2063 632 2142 661 aus
2189 620 2278 661 dem
2325 620 2618 669 untlm'lbaren,

467 696 514 736 in
560 694 640 736 den
684 694 880 749 Korpern
926 696 1164 739 werdenden
1209 697 1376 750 Wesen,
1433 702 1546 741 recte
1593 697 1826 742 Boeckhius
1841 697 1900 752 ²):
1957 709 2037 740 aus
2083 697 2155 739 der
2201 711 2259 739 an
2304 698 2381 740 den
2426 697 2620 751 Kaepem

468 771 644 814 theilbar
685 773 922 815 werdenden
967 775 1237 829 (Substanz).
1315 775 1364 819 Id
1408 776 1540 828 enim,
1584 775 1696 832 quod
1741 775 1785 819 in
1832 774 1957 818 rebus
2003 773 2053 818 fit
2100 773 2334 827 dividuum,
2382 780 2495 820 recte
2537 775 2619 818 dici

466 856 607 906 potest
644 852 827 907 spatium
839 867 850 902 ;
900 865 1074 908 corpora
1109 853 1221 896 enim
1255 858 1397 910 partes
1425 854 1631 910 quaedam
1660 857 1757 896 sunt
1785 854 1922 909 spatii.
1981 853 2171 908 Spatium
2200 867 2294 896 cum
2323 867 2399 908 per
2427 868 2471 897 se
2500 856 2618 904 esset,

467 930 623 986 quippe
663 929 775 986 quod
810 930 976 973 omnino
1012 929 1223 974 infinitum
1260 936 1370 985 erat,
1411 936 1554 988 partes
1590 932 1776 976 nondum
1812 932 1985 982 habuit3
2027 932 2118 988 jam
2145 931 2258 974 intra
2284 930 2329 973 id
2357 945 2532 987 corpora
2559 933 2621 974 ita

468 1012 572 1051 nata
617 1012 734 1060 sunt,
782 1012 831 1050 ut
871 1008 1061 1052 idearum
1103 1010 1304 1065 imagines
1341 1012 1385 1054 in
1421 1026 1470 1054 eo
1506 1013 1734 1055 orerentur.
1794 1010 1933 1062 Quare
1968 1010 2146 1052 materia
2182 1010 2258 1052 illa
2291 1009 2456 1052 infinita
2492 1010 2619 1052 dividi

469 1087 606 1141 potuit
634 1090 677 1129 et
705 1086 884 1129 discerni
913 1091 1038 1142 atque
1066 1092 1208 1143 partes
1237 1089 1326 1144 ejus
1354 1090 1511 1145 percipi
1538 1092 1778 1144 potuerunt,
1812 1092 2016 1143 quatenus
2044 1102 2220 1142 corpora
2247 1088 2291 1130 in
2319 1102 2367 1130 eo
2397 1089 2620 1143 conspicie-

468 1164 634 1206 bantur.
694 1163 842 1219 Itaque
879 1164 946 1216 id,
990 1166 1101 1220 quod
1137 1168 1220 1208 sive
1257 1169 1367 1209 circa
1404 1181 1581 1221 corpora
1616 1165 1739 1220 (περὶ
1767 1165 1822 1208 τὰ
1850 1162 2049 1219 σώματα)
2086 1167 2169 1207 sive
2205 1170 2411 1219 quatenus
2446 1179 2621 1219 corpora

469 1244 566 1284 sunt
611 1239 738 1296 (κατὰ
772 1240 828 1285 τὰ
863 1237 1062 1299 σώματα)
1110 1243 1324 1288 dividuum
1360 1244 1518 1288 factum
1556 1247 1639 1295 est,
1686 1247 1800 1286 recte
1838 1243 1920 1286 dici
1964 1248 2102 1298 potest
2136 1244 2384 1298 respondere
2424 1244 2559 1298 spatio
2571 1245 2617 1297 ⁸).

470 1318 749 1370 Quamobrem
778 1322 919 1365 anima
947 1321 988 1364 h.
1010 1321 1037 1364 l.
1069 1323 1291 1378 conjuncta
1320 1337 1407 1366 esse
1437 1323 1594 1366 dicitur
1622 1337 1717 1365 cum
1754 1323 1913 1377 spati03
1962 1323 2144 1377 spatium
2172 1326 2313 1365 autem
2341 1321 2454 1376 quod
2481 1321 2624 1363 subest

470 1398 724 1455 corporibus,
754 1399 895 1444 anima
923 1401 1051 1444 etiam
1080 1401 1125 1443 in
1154 1401 1395 1457 corporibus
1422 1401 1582 1457 inest4).

668 1478 755 1522 Nec
790 1492 886 1522 vero
915 1479 955 1522 h.
986 1478 1013 1521 l.
1044 1479 1324 1535 neglegendus
1360 1483 1423 1523 est
1459 1479 1672 1535 genetivus
1708 1478 1779 1522 ille
1815 1479 2034 1535 partitivus
2068 1481 2144 1536 τῆς
2179 1474 2410 1534 ἀμερίστου
2445 1476 2518 1521 καὶ
2552 1473 2620 1520 αἐἱ

467 1555 576 1598 κατὰ
618 1554 753 1600 ταύτὰ
796 1554 972 1615 ἐχούσης
1008 1553 1158 1608 οὐσίας
1193 1556 1266 1600 καὶ
1300 1559 1376 1615 τῆς
1413 1550 1465 1600 αὖ
1505 1556 1608 1613 περὶ
1643 1556 1699 1600 τὰ
1734 1553 1914 1612 σώματα
1948 1555 2199 1613 γιγνομένης
2235 1559 2450 1613 μεριστῆς.
2516 1556 2622 1611 Ejus

467 1648 574 1690 quae
613 1635 669 1678 sit
701 1635 810 1678 ratio
820 1669 839 1696 ,V
869 1635 992 1678 facile
1021 1639 1085 1678 est
1112 1635 1356 1692 perspicere.
1415 1635 1508 1680 Non
1536 1639 1628 1680 tota
1656 1636 1767 1680 enim
1795 1635 2031 1680 substantia
2058 1635 2272 1680 individua
2299 1639 2342 1679 et
2370 1634 2539 1679 dividua
2566 1633 2621 1677 ad

466 1715 652 1757 animam
680 1714 824 1757 mundi
852 1714 1113 1758 formandam
1143 1714 1244 1758 deus
1273 1730 1458 1758 summus
1486 1715 1603 1759 abuti
1633 1715 1793 1771 potuit3
1841 1714 2028 1770 alioquin
2063 1714 2143 1757 nisi
2177 1715 2222 1757 in
2260 1715 2402 1757 anima
2437 1714 2513 1757 illa
2539 1713 2620 1756 hae

467 1793 725 1836 substantiae
754 1807 959 1848 nusquam
988 1798 1146 1844 essent3
1176 1794 1249 1836 sed
1277 1798 1444 1836 tantum
1472 1794 1608 1848 potuit
1635 1794 1852 1848 utriusque
1880 1793 2139 1836 substantiae
2168 1792 2353 1835 delibare
2380 1796 2556 1847 partem.

669 1871 735 1914 Ex
771 1870 934 1914 duobus
971 1872 1101 1927 igitur
1138 1872 1202 1914 his
1238 1872 1404 1915 animae
1440 1871 1676 1914 mundanae
1712 1871 1927 1914 elementis
1967 1870 2140 1913 tertium
2175 1870 2220 1912 in
2254 1870 2390 1912 medio
2425 1870 2622 1912 miscetur

467 1948 724 1991 substantiae
763 1963 892 2004 genus
904 1949 950 2004 ⁵).
1009 1950 1121 1993 Illud
1160 1948 1206 1992 ἐν
1240 1948 1361 2005 μέσῳ
1397 1949 1488 2004 jam
1517 1949 1686 1991 Ptoclus
1701 1949 1735 2005 ⁶)
1763 1949 1867 1990 vidit
1894 1962 1978 1990 non
2007 1948 2060 1990 de
2088 1948 2179 1989 loco
2208 1948 2494 2004 accipiendum
2521 1960 2622 1999 esse,

469 2027 541 2069 sed
571 2028 624 2070 de
653 2029 714 2070 rei
744 2032 907 2078 natura.
956 2029 1103 2082 Itaque
1133 2043 1183 2070 ex
1211 2029 1417 2070 ambabus
1445 2029 1616 2069 tertium
1646 2028 1902 2069 substantiae
1931 2040 2061 2081 genus
2090 2027 2192 2067 deus
2220 2027 2372 2068 dicitur
2399 2026 2622 2075 miscuisse,

468 2104 580 2159 quod
619 2104 801 2148 mediam
839 2106 948 2148 inter
984 2110 1206 2161 utramque
1244 2111 1441 2150 naturam
1479 2104 1655 2148 haberet
1691 2105 1716 2148 i.
1755 2119 1789 2148 e.
1829 2104 1939 2160 quod
1975 2104 2190 2160 utriusque
2234 2104 2489 2147 substantiae
2531 2104 2624 2160 pari

468 2184 592 2227 modo
619 2185 831 2241 particeps
859 2190 976 2229 esset.
1030 2186 1173 2241 Neque
1202 2186 1327 2229 aliter
1354 2200 1462 2241 quae
1492 2185 1686 2240 deinceps
1715 2189 1943 2240 sequuntur
1971 2182 2044 2226 καὶ
2072 2182 2182 2225 κατὰ
2209 2185 2345 2225 ταῦτα
2372 2181 2622 2239 ξυνέστησεν

468 2261 513 2304 ἐν
541 2262 661 2318 μέσῳ
688 2266 765 2306 τοῦ
792 2280 840 2307 τε
869 2261 1054 2319 ἀμεροῦς
1083 2261 1212 2306 αὐτοῦ
1241 2264 1313 2306 καὶ
1341 2267 1418 2305 τοῦ
1446 2263 1556 2305 κατὰ
1585 2263 1640 2304 τὰ
1669 2259 1849 2316 σώματα
1875 2265 2081 2318 μεριστοῦ
2119 2263 2323 2316 explicari
2363 2266 2562 2316 poterunt
2574 2262 2620 2317 ⁷).

670 2341 841 2383 Proclus
854 2342 890 2397 8)
928 2343 1037 2384 hanc
1074 2340 1223 2384 οὗσιάν
1266 2343 1357 2384 vult
1394 2357 1481 2384 esse
1517 2343 1682 2383 animae
1717 2340 1952 2383 mundanae
1996 2340 2272 2382 substantiam
2314 2340 2469 2394 ipsam,
2515 2352 2622 2394 quae

472 2419 654 2462 medium
692 2423 835 2462 teneat
871 2420 1011 2463 locum
1047 2422 1157 2464 inter
1194 2421 1470 2463 substantiam
1498 2419 1755 2462 individuam
1784 2424 1826 2461 et
1854 2419 2076 2461 dividuam.
2136 2417 2217 2460 Sed
2254 2414 2379 2460 οὐσία
2414 2418 2449 2460 si
2483 2417 2623 2460 anima

673 2658 703 2701 ¹)
737 2669 771 2703 p.
794 2660 872 2693 243.

673 2714 705 2758 ²)
740 2725 774 2759 p.
798 2716 851 2749 35.
899 2714 1112 2750 Untersuch.
1137 2713 1224 2749 iiber
1247 2712 1280 2747 d.
1305 2713 1416 2748 kosm.
1442 2712 1579 2759 system
1603 2712 1635 2748 d.
1660 2712 1762 2747 Plato
1793 2722 1827 2756 p.
1856 2713 1907 2746 19.

674 2772 705 2814 ³)
742 2770 838 2805 Idem
868 2770 1028 2805 Zellerus
1057 2769 1196 2805 videtur
1226 2768 1365 2804 sentire.
1418 2767 1514 2804 Dicit
1544 2768 1635 2804 enim
1666 2767 1757 2803 hanc
1787 2766 2017 2803 substantiam
2048 2777 2082 2812 p.
2105 2766 2172 2801 635
2202 2770 2275 2800 not.
2300 2766 2322 2799 6
2352 2764 2623 2801 Raunaicmoeit.

473 2827 591 2861 Antea
614 2827 664 2871 (p.
685 2828 752 2861 494
775 2832 847 2862 not.
868 2828 906 2870 2)
931 2837 1007 2862 eam
1031 2826 1169 2862 dixerat
1191 2826 1373 2861 materiam
1398 2835 1603 2870 corpoream
1630 2825 1712 2868 (das
1735 2823 1983 2868 Korperliche,
2008 2822 2064 2856 die
2086 2821 2259 2856 mmiche
2281 2820 2484 2866 substan).

673 2884 704 2926 ⁴)
740 2883 923 2925 Susemth,
948 2883 1037 2917 Plat.
1062 2883 1193 2917 Philos.
1218 2882 1253 2915 II
1277 2894 1310 2926 p.
1335 2884 1412 2915 352.

675 2940 706 2983 ⁵)
741 2938 841 2973 Hanc
862 2939 1066 2974 mixtionem
1090 2939 1280 2982 neglegens
1307 2937 1457 2972 Crantor
1481 2944 1646 2981 quattuor
1670 2937 1807 2972 animae
1829 2936 2025 2970 mundanae
2048 2936 2223 2969 elementa
2246 2934 2389 2968 statuit:
2419 2932 2482 2976 τὴν
2505 2944 2623 2976 νοητι-

471 2995 539 3038 κὴν
563 2992 682 3040 φύσιν
713 2993 767 3030 ἀεὶ
799 2993 888 3029 κατὰ
917 2993 960 3029 τὰ
992 2993 1082 3029 αὐτὰ
1113 2996 1173 3028 καὶ
1206 2991 1375 3031 ὡσαύτως
1398 2993 1557 3038 ἔχουσαν
1580 2996 1642 3027 καὶ
1666 2991 1730 3035 τὴν
1753 2994 1837 3038 περὶ
1860 2990 1902 3025 τὰ
1926 2988 2078 3037 σώματα
2103 2988 2307 3033 παθητικὴν
2331 2992 2391 3024 καὶ
2414 2991 2625 3034 μεταβλητι-

473 3050 540 3095 mlv
567 3062 574 3067 ·
600 3053 651 3086 ἔτι
678 3050 717 3085 δέ
743 3049 807 3093 τήν
829 3050 963 3085 ταύτοῦ
988 3053 1049 3084 καὶ
1073 3053 1137 3084 τοῦ
1162 3050 1294 3095 ἑτέρου.
1341 3049 1433 3084 Plut.
1459 3058 1487 3083 c.
1512 3050 1543 3082 2.

677 3108 708 3150 ⁶)
744 3117 777 3151 p.
804 3108 868 3141 185
893 3117 922 3140 c.
969 3106 1019 3140 Cf.
1043 3105 1259 3141 Hoenebeek
1283 3104 1439 3140 Hissink.
1463 3115 1497 3149 p.
1523 3106 1554 3139 6.
1601 3104 1727 3139 Zeller.
1751 3114 1784 3149 p.
1809 3104 1877 3138 494
1900 3108 1971 3138 not.
1995 3103 2027 3136 2.
2058 3111 2091 3147 p.
2115 3102 2183 3137 495
2207 3106 2278 3137 not.
2302 3102 2334 3137 2.

675 3169 705 3204 ⁷)
740 3162 887 3197 Proclus
911 3174 943 3206 p.
971 3165 1033 3196 187
1058 3162 1098 3196 F.

673 3222 705 3263 ⁸)
741 3217 792 3254 Cf.
817 3217 917 3254 Jules
941 3217 1196 3254 Simon-Suisse
1219 3230 1252 3262 p.
1279 3217 1344 3252 158
1368 3228 1417 3261 sq.
1466 3217 1501 3252 C.
1526 3216 1568 3251 F.
1592 3215 1816 3252 Hermannus
1840 3227 1872 3260 p.
1901 3215 1951 3250 19.
