2944 3880
1359 307 1383 346 5

501 461 622 505 Plato
659 461 789 518 igitur
825 460 1005 517 physicis
1040 465 1261 516 cognatam
1299 473 1386 502 esse
1425 459 1544 501 duxit
1578 458 1810 500 orationem
1845 456 2128 507 verisimilem,
2171 469 2255 498 non
2291 468 2443 498 veram.

303 540 438 597 Hujus
465 540 528 584 rei
555 552 682 583 causa
716 552 822 595 quae
860 539 932 590 sit,
969 539 1099 581 etiam
1126 540 1170 581 in
1197 539 1327 581 totius
1355 539 1647 593 disputationis
1674 537 1884 590 prooemio
1912 534 2144 589 expositum
2172 537 2245 577 est.
2304 533 2372 577 Ex
2399 548 2448 578 eo

305 619 415 663 enim
451 618 732 676 cognoscimus
770 618 988 661 veritatem
1024 623 1066 661 et
1102 617 1504 661 verisimilitudinem
1540 631 1568 658 a
1594 615 1769 658 Platone
1802 627 1886 656 non
1920 612 2109 656 omnibus
2142 612 2266 656 rebus
2302 612 2443 657 tribui.

295 695 492 754 ‘'Onneq,
521 696 711 754 inquit1),
741 694 854 753 πρὸς
880 695 1044 752 γένεσιν
1073 694 1209 751 σι’-σία,
1235 698 1367 740 τοῦτο
1396 695 1508 753 πρὸς
1536 693 1688 739 πίστιν
1716 689 1915 751 ἀλήθεια.
1953 692 2029 736 His
2047 691 2168 735 Plato
2194 692 2294 748 quid
2321 693 2448 749 signi-

304 776 422 828 ficet,
471 776 594 832 plene
634 780 677 818 et
716 776 883 830 penitus
919 778 1199 832 cognoscimus
1235 776 1389 820 collato
1424 775 1535 828 loco,
1582 775 1654 831 qui
1694 774 1848 830 legitur
1884 773 1936 815 de
1970 785 2056 827 rep.
2088 770 2167 814 VH
2202 775 2282 817 533
2312 772 2349 814 E
2385 786 2442 827 sq.

301 853 496 912 Ἀρέσκει
518 856 617 909 γοῦν
638 877 691 884 -
711 852 787 910 τὴν
814 852 893 907 μὲν
923 851 1097 911 πρώτην
1125 858 1281 910 μοῖραν
1309 851 1552 911 ἐπιστήμην
1579 854 1734 907 καλεῖν,
1764 851 1964 908 δευτέραν
1993 850 2041 894 δὲ
2069 847 2276 905 διάνοιαν,
2304 850 2450 909 τρίτην
2489 837 2495 843 ”

307 933 355 975 δὲ
395 932 548 975 πίστιν
585 931 657 972 καὶ
694 930 885 973 εἰκασίαν
922 930 1126 989 τετάρτην
1163 949 1173 958 ·
1220 933 1292 976 καὶ
1332 929 1628 988 ξτναμφότερα
1668 930 1747 986 μὲν
1785 934 1921 974 ταῦτα
1956 926 2103 984 δόξαν,
2151 925 2449 986 ξυναμφότερα

306 1009 344 1053 δ’
376 1010 516 1053 ἐκεῖνα
543 1007 688 1066 νόησιν
716 1024 726 1032 ·
755 1009 826 1051 καὶ
864 1007 992 1062 δόξαν
1031 1011 1110 1064 μὲν
1145 1011 1248 1067 περὶ
1283 1010 1467 1066 γένεσιν,
1506 1007 1650 1066 νόησιν
1686 1008 1734 1052 δὲ
1772 1009 1874 1065 περὶ
1909 1004 2057 1051 οὐσίαν
2087 1022 2096 1032 ·
2124 1005 2198 1050 καὶ
2225 1003 2294 1051 ὅτι
2322 1005 2447 1052 οὐσία

313 1088 427 1144 πρὸς
454 1086 638 1145 γένεσιν,
677 1084 822 1144 νόησιν
860 1087 972 1144 πρὸς
1009 1086 1154 1143 δόξαν,
1191 1089 1263 1132 καὶ
1292 1086 1360 1131 ὅτι
1389 1085 1535 1144 νόησις
1563 1086 1675 1144 πρὸς
1702 1084 1847 1142 δόξαν,
1884 1082 2128 1142 ἐπιστήμην
2158 1085 2270 1143 πρὸς
2299 1084 2450 1130 πίστιν

310 1166 382 1211 καὶ
420 1163 616 1210 διάνοιαν
659 1164 771 1223 πρὸς
809 1163 1000 1210 εἰκασίαν
1012 1168 1057 1223 ²).
1115 1168 1218 1211 Inde
1253 1168 1438 1211 videmus
1473 1168 1689 1210 Platonem
1727 1167 1884 1222 pariter
1921 1170 2047 1221 atque
2085 1166 2129 1208 in
2164 1166 2333 1209 Timaeo
2367 1166 2450 1209 dis-

311 1259 480 1289 cernere
508 1245 617 1288 inter
645 1243 809 1301 γένεσιν
838 1249 880 1288 et
909 1243 1068 1299 οὐσίαν,
1097 1247 1207 1289 inter
1235 1246 1326 1288 fieri
1355 1250 1398 1288 et
1426 1260 1524 1288 esse.
1583 1246 1657 1297 Ei,
1687 1246 1797 1300 quod
1824 1251 1959 1288 ortum
1986 1245 2134 1295 habet,
2163 1241 2269 1296 δόξα
2296 1245 2449 1299 opinio,

310 1324 369 1376 ei,
408 1322 519 1379 quod
546 1336 641 1365 vere
670 1326 751 1374 est,
787 1319 933 1380 νόησις
961 1324 1246 1380 intellegentia
1273 1324 1507 1380 respondet.
1566 1320 1671 1376 δόξα
1699 1329 1839 1366 autem
1867 1325 1910 1365 in
1939 1324 2041 1366 duas
2068 1328 2211 1378 partes
2240 1323 2451 1373 dividitur,

311 1406 437 1459 prout
465 1402 647 1458 pertinet
675 1402 730 1445 ad
758 1415 824 1445 res
851 1403 984 1458 ipsas,
1015 1417 1120 1459 quae
1149 1403 1334 1446 sensibus
1362 1404 1667 1459 percipiuntur,
1697 1408 1773 1444 aut
1800 1403 1856 1444 ad
1882 1403 2031 1445 talium
2058 1417 2199 1444 rerum
2227 1402 2450 1456 imagines;

310 1482 448 1524 altera
476 1481 629 1524 dicitur
658 1478 809 1531 πίστις
838 1483 1050 1535 persuasio
1085 1482 1208 1533 fides,
1248 1482 1383 1524 altera
1418 1480 1587 1525 εἰκασία
1618 1483 1859 1536 imaginatio
1894 1483 2075 1537 opinatio
2104 1497 2126 1525 e
2154 1496 2295 1524 rerum
2323 1481 2451 1523 simu-

310 1559 434 1602 lacris
463 1557 649 1602 oriunda.
709 1558 852 1601 Etiam
882 1556 1027 1615 νόησις
1054 1560 1256 1614 bipartita
1285 1564 1368 1610 est3
1398 1573 1447 1602 ea
1475 1561 1785 1615 intellegentiae
1812 1575 1922 1615 pars,
1951 1575 2056 1614 quae
2084 1561 2139 1602 ad
2167 1574 2304 1602 meras
2330 1561 2449 1602 ideas

310 1637 512 1689 refertur,
558 1633 776 1693 ἐπιστήμη
814 1637 984 1679 scientia
1019 1642 1100 1689 est,
1139 1651 1189 1679 ea
1223 1642 1384 1689 autem,
1423 1653 1529 1692 quae
1564 1640 1618 1681 ad
1653 1639 1771 1680 ideas
1806 1653 1832 1680 a
1863 1638 1986 1680 rebus
2019 1638 2238 1688 abductas,
2278 1635 2451 1680 διάνοια

315 1716 586 1758 ratiocinatio.
647 1715 912 1769 Respondere
939 1716 1070 1769 igitur
1097 1716 1283 1758 videmus
1311 1716 1445 1759 varios
1473 1717 1667 1759 scientiae
1696 1721 1738 1759 et
1766 1717 1968 1770 opinionis
1995 1716 2147 1770 gradus
2182 1717 2371 1759 idearum
2407 1721 2450 1759 et

313 1807 453 1836 rerum
483 1792 714 1848 generibuS,
743 1792 803 1834 ita
831 1796 880 1834 ut
908 1792 960 1834 de
988 1793 1126 1844 rebus,
1155 1807 1260 1847 quae
1289 1794 1366 1836 sub
1394 1807 1535 1835 sensus
1563 1794 1735 1845 cadunt,
1766 1808 1978 1847 nunquam
2007 1794 2233 1847 quidquam
2261 1796 2367 1843 veri,
2397 1795 2450 1835 de

311 1870 413 1913 ideis
442 1874 581 1913 autem
612 1884 824 1926 nunquam
853 1870 934 1912 dici
961 1871 1122 1926 possint
1148 1871 1393 1925 probabilia.

514 1949 628 2000 Quae
658 1963 752 1991 cum
780 1949 841 1991 ita
869 1950 969 2000 sint,
999 1950 1098 1991 satis
1127 1950 1388 2004 cognoscitur
1415 1950 1640 1992 maximam
1669 1950 1826 1992 Timaei
1854 1954 2039 2004 partem,
2069 1963 2163 1992 cum
2191 1951 2244 1992 sit
2272 1949 2324 1992 de
2352 1955 2448 1992 ortu

313 2042 452 2072 rerum
481 2027 558 2069 sub
588 2041 729 2069 sensus
757 2027 1016 2078 cadentium,
1054 2028 1210 2070 versari
1237 2028 1280 2070 in
1308 2029 1359 2070 iis
1388 2028 1713 2079 considerandis,
1757 2042 1863 2082 quae
1898 2028 2133 2082 probabilia
2169 2029 2252 2070 sint
2264 2029 2310 2083 ⁸).
2368 2029 2450 2070 Sed

314 2121 395 2150 non
423 2110 536 2149 totus
564 2105 633 2147 hic
662 2105 851 2160 dialogus
879 2110 941 2147 est
971 2105 1021 2147 de
1049 2105 1239 2161 physicis.
1299 2106 1430 2160 Saepe
1459 2111 1836 2148 commemorantur
1864 2107 1993 2157 ideae,
2023 2121 2199 2161 quarum
2227 2107 2452 2149 simulacra

313 2190 409 2227 sunt
446 2200 513 2227 res
548 2183 868 2238 adspectabiles‚
913 2184 1064 2226 dicitur
1093 2185 1218 2226 etiam
1247 2184 1298 2226 de
1328 2198 1488 2227 summo
1518 2185 1613 2238 deo,
1651 2186 1723 2239 qui
1761 2186 1945 2228 omnium
1982 2191 2044 2228 est
2078 2199 2245 2240 parens,
2282 2185 2334 2227 de
2371 2185 2451 2228 diis

314 2263 588 2314 inferioribus,
617 2262 687 2318 qui
716 2262 865 2304 summi
894 2261 960 2305 dei
988 2261 1189 2304 mandata
1218 2268 1509 2318 exsequuntur.
1561 2263 1737 2306 Omnino
1765 2278 1904 2306 rerum
1932 2268 2046 2306 ortus
2073 2278 2156 2306 non
2184 2263 2449 2318 physicorum

316 2356 428 2385 more
457 2342 716 2393 describitur,
747 2342 819 2383 sed
848 2341 899 2382 de
928 2354 975 2383 eo
1002 2345 1202 2383 narratur
1230 2343 1347 2395 quasi
1377 2343 1428 2385 de
1457 2343 1582 2386 rebus
1611 2358 1637 2385 a
1665 2342 1745 2384 diis
1773 2344 1907 2397 gestis.
1965 2343 2029 2383 Ex
2058 2343 2137 2384 hac
2164 2357 2304 2384 rerum
2332 2343 2452 2385 dissi-

316 2421 586 2464 millimarum
615 2420 901 2477 conjunctione
930 2424 972 2461 et
999 2433 1108 2461 nexu
1137 2420 1424 2474 explicationis
1452 2436 1581 2477 genus
1609 2422 1774 2476 pendet,
1803 2436 1885 2475 quo
1904 2422 2023 2463 Plato
2041 2422 2085 2463 in
2113 2422 2191 2463 hoc
2218 2422 2326 2463 libro
2355 2437 2452 2464 usus

317 2504 389 2542 est.
448 2499 633 2541 Fabulae
672 2499 783 2541 enim
819 2498 862 2540 id
897 2498 992 2554 jure
1030 2500 1343 2553 comparaveris.
1403 2501 1504 2541 Inde
1534 2502 1660 2542 etiam
1696 2500 1818 2541 facile
1854 2500 2129 2554 intellegitur,
2174 2515 2248 2542 cur
2275 2515 2341 2543 res
2369 2515 2453 2543 non

520 2716 548 2757 1)
586 2713 672 2747 Tim.
688 2714 729 2747 29
744 2712 779 2747 C.
817 2712 917 2756 Quod
942 2722 1043 2755 quam
1067 2722 1231 2756 perverse
1255 2714 1463 2757 explicatum
1489 2714 1532 2748 sit
1555 2723 1576 2747 a
1600 2713 1635 2747 C.
1654 2713 1692 2747 F.
1706 2713 1907 2747 Hermanno
1931 2712 1994 2755 (ΡΙ.
2021 2712 2149 2749 Philos.
2175 2725 2208 2758 p.
2222 2715 2289 2749 700
2312 2725 2345 2748 n.
2361 2716 2455 2758 501),

320 2770 377 2803 vix
403 2768 565 2804 credibile
589 2774 652 2804 est.
700 2768 809 2802 Recte
831 2768 862 2802 ei
884 2768 1090 2802 adversatus
1114 2773 1167 2803 est
1192 2768 1374 2811 Susemihl,
1399 2769 1449 2803 Pl.
1473 2769 1560 2803 Phil.
1584 2768 1620 2802 II
1652 2780 1684 2812 p.
1708 2770 1770 2802 321
1796 2779 1828 2802 n.
1855 2770 1929 2802 187.

521 2849 551 2891 2)
585 2846 724 2891 Optime
747 2846 839 2881 hunc
862 2846 975 2881 locum
998 2846 1186 2881 illustravit
1209 2846 1396 2881 Steinhart.
1427 2846 1468 2880 V.
1500 2857 1532 2890 p.
1556 2848 1621 2880 217
1647 2857 1695 2890 sq.

522 2929 553 2971 ³)
588 2925 835 2968 Ueberwegius
859 2924 1018 2969 primum⁴
1032 2924 1174 2968 (Rhein.
1199 2924 1291 2960 Mus.
1315 2924 1365 2958 IX
1390 2936 1422 2969 p.
1437 2927 1456 2959 7
1460 2926 1481 2959 6
1504 2936 1537 2959 n.
1561 2926 1622 2968 40)
1654 2925 1689 2959 in
1713 2925 1855 2960 Timaeo
1880 2927 1996 2961 omnia
2019 2936 2096 2962 esse
2118 2926 2346 2971 probabiliter
2368 2926 2461 2962 dicta

321 2986 594 3025 asseveraverat,
617 2981 702 3016 nihil
726 2980 886 3026 mythice.
921 2979 1057 3015 Deinde
1079 2980 1413 3024 (Untersuchungen
1435 2980 1522 3015 uber
1545 2980 1632 3015 Plat.
1647 2980 1832 3014 Schriften.
1856 2992 1890 3025 p.
1903 2983 1970 3016 288
1983 2983 2050 3026 sq.)
2074 2983 2246 3017 sententia
2267 2982 2459 3026 paullulum

325 3043 461 3074 mutata
482 3049 553 3074 non
575 3038 745 3084 mythice,
776 3036 836 3073 sed
861 3036 1047 3082 symbolice
1070 3036 1251 3071 Platonem
1275 3036 1429 3070 locutum
1453 3047 1529 3072 esse
1552 3036 1707 3082 putavit3
1754 3037 1880 3081 μῦθον
1910 3038 2001 3074 enim
2029 3048 2168 3082 semper
2191 3048 2268 3074 esse
2290 3038 2333 3073 de
2355 3038 2459 3074 rebus

319 3097 462 3131 incertis
487 3096 612 3139 (Gorg.
636 3098 701 3129 523
719 3096 780 3139 A).
828 3094 895 3129 Sed
919 3104 962 3128 ex
985 3094 1062 3138 ipso
1086 3092 1229 3128 Timaeo
1252 3091 1411 3129 audimus
1435 3095 1485 3139 (p.
1511 3095 1555 3130 22
1572 3093 1599 3129 C
1622 3095 1665 3130 26
1682 3093 1724 3138 C)
1755 3092 1794 3129 τὸ
1825 3092 1958 3138 ἀληθὲς
1989 3095 2104 3131 inesse
2131 3095 2179 3138 ei,
2214 3093 2306 3140 quod
2335 3091 2461 3140 μύθου

327 3155 450 3198 σχῆμα
475 3153 611 3187 habeat.
658 3151 873 3195 Quamquam
897 3150 930 3185 h.
956 3150 977 3185 l.
1002 3149 1053 3185 vis
1076 3149 1235 3184 vocabuli
1259 3148 1419 3193 ἀληθοῦς
1442 3150 1545 3186 latius
1568 3156 1691 3195 patere
1714 3151 1862 3194 videtur,
1885 3152 1935 3186 ita
1957 3156 1997 3186 ut
2019 3152 2126 3186 etiam
2148 3151 2343 3186 verisimilia
2366 3161 2459 3186 com-

323 3209 509 3254 plectatur.
558 3210 654 3253 Quae
678 3218 755 3243 cum
779 3207 829 3242 ita
852 3207 931 3245 sint.
956 3217 1024 3241 non
1048 3206 1096 3241 ita
1119 3206 1264 3241 multum
1288 3205 1378 3241 duco
1401 3206 1569 3241 interesse
1592 3207 1682 3241 inter
1707 3208 1895 3252 symbolice
1919 3213 1954 3242 et
1976 3207 2127 3253 mythice
2149 3207 2251 3242 dicta.
