2944 3880
1519 326 1545 366 6

462 477 682 522 dialectice
704 477 994 532 tractentur&
1022 476 1097 520 sed
1114 476 1235 532 quasi
1256 475 1392 520 factae
1420 476 1515 528 sint,
1543 480 1767 520 narrentur
1783 475 1973 520 oratione
1989 475 2196 527 continua,
2225 489 2301 520 cur
2313 478 2433 524 Plato
2450 484 2599 531 harum

462 570 603 600 rerum
635 555 898 611 quaestiones
930 553 1166 598 laudabiles
1198 553 1368 611 quidem
1404 553 1539 606 dicat,
1577 553 1653 597 sed
1688 554 1827 598 minus
1860 566 2007 609 graves
2039 557 2165 609 atque
2197 567 2304 609 quae
2332 556 2388 600 ad
2415 562 2599 608 animum

461 632 758 677 oblectandum
783 632 1056 676 instituantur
1067 635 1112 685 ²).

666 755 857 800 Vidimus
903 756 1063 807 omnia,
1109 770 1216 811 quae
1262 756 1314 799 de
1360 755 1539 811 physicis
1574 756 1619 798 in
1651 755 1821 799 Timaeo
1857 756 2045 812 exposita
2079 756 2180 807 sint,
2227 756 2465 800 verisimilia
2501 774 2598 804 esse.

461 836 705 880 Rectissime
739 835 867 891 igitur
902 834 1136 877 Herbartus
1148 835 1183 890 ³)
1218 833 1326 877 dixit
1359 834 1570 877 doctrinas
1605 833 1700 876 illas
1734 833 1788 876 de
1825 835 1966 877 anima
1994 835 2046 877 de
2074 835 2251 878 materia
2277 839 2417 878 cetera
2444 837 2600 882 secludi

461 913 517 959 ab
545 928 692 960 earum
718 928 860 959 rerum
888 913 1064 965 ambitu,
1093 926 1196 969 quas
1223 913 1390 968 proprie
1417 926 1461 957 se
1490 913 1593 957 scire
1622 912 1743 957 Plato
1770 913 1977 969 professus
2006 918 2079 958 est.

662 1036 799 1092 Atque
832 1035 936 1080 haec
969 1035 1140 1091 quidem
1175 1034 1399 1086 haetenus3
1445 1034 1659 1079 videamus
1695 1049 1804 1079 nunc
1839 1034 1891 1079 de
1927 1048 1977 1079 eo
2005 1035 2164 1079 Timaei
2200 1035 2308 1088 loco,
2344 1035 2416 1091 qui
2451 1039 2514 1079 est
2549 1035 2601 1080 de

461 1116 625 1161 animae
653 1114 889 1159 mundanae
917 1113 1146 1158 elementis.
1205 1112 1397 1157 Summas
1425 1128 1521 1158 eum
1549 1113 1818 1157 difficultates
1845 1113 2142 1171 interpretibus
2169 1114 2356 1159 attulisse
2384 1115 2475 1171 jam
2503 1114 2601 1159 Plu-

460 1195 632 1239 tarchus
642 1196 678 1251 ⁴)
706 1198 895 1238 testatur.
955 1193 1044 1236 Eae
1072 1196 1215 1236 autem
1242 1192 1386 1248 quales
1413 1193 1508 1246 sint,
1538 1193 1684 1236 Cicero
1694 1193 1730 1248 ⁶)
1758 1193 1987 1249 significat:
2022 1207 2160 1237 rermn
2188 1194 2425 1246 obscuritas,
2453 1194 2600 1250 inquit,

457 1286 542 1317 mm
568 1273 776 1316 verborum
802 1272 919 1325 facit,
955 1274 1004 1314 ut
1029 1283 1111 1314 mm
1138 1270 1399 1327 intelleqatur
1426 1272 1569 1323 oratio,
1605 1270 1744 1325 qualis
1771 1273 1833 1314 est
1858 1271 1906 1314 in
1935 1271 2104 1315 Timaeo
2132 1271 2335 1315 Platonis.
2394 1271 2602 1316 Ciceronis

463 1350 714 1395 sententiam
741 1350 975 1394 assensione
1004 1349 1288 1406 comprobavit
1315 1349 1396 1402 vir,
1436 1349 1508 1406 qui
1536 1362 1734 1406 magnam
1761 1349 1805 1392 in
1832 1349 1912 1393 hac
1939 1363 1986 1393 re
2013 1349 2142 1394 habet
2167 1350 2478 1404 auctoritatem,
2515 1352 2602 1395 Au·

462 1433 607 1487 gustus
635 1429 856 1485 Boeckh⁶).
913 1429 1029 1481 Quae
1058 1441 1153 1472 cum
1179 1429 1242 1472 ita
1268 1429 1364 1481 sint,
1394 1428 1509 1471 haud
1536 1429 1690 1471 mirum
1717 1432 1792 1480 est,
1821 1428 1932 1484 quod
1960 1428 2120 1473 Timaei
2149 1429 2395 1486 interpretes
2421 1430 2601 1474 maxime

461 1509 508 1551 in
535 1508 661 1552 rebus
687 1507 943 1563 explicandis
970 1507 1123 1550 versati
1151 1511 1260 1558 sunt,
1290 1506 1417 1549 verba
1444 1510 1585 1550 autem
1612 1506 1705 1562 ipsa
1729 1506 1852 1549 nimis
1879 1506 2162 1563 neglexerunt.
2206 1507 2289 1551 Sed
2316 1521 2382 1552 res
2404 1508 2601 1565 quoniam

461 1600 546 1630 non
588 1586 689 1630 satis
730 1585 917 1642 intellegi
957 1588 1131 1641 possunt
1174 1584 1254 1627 nisi
1294 1583 1430 1627 verbis
1472 1583 1693 1640 diligenter
1733 1583 1967 1640 perpensis,
2014 1583 2172 1628 factum
2209 1590 2290 1638 est,
2339 1590 2387 1630 ut
2422 1587 2601 1631 virorum

461 1664 680 1708 doctorum
708 1677 860 1720 operae
896 1667 1167 1718 consumptae
1201 1663 1246 1705 in
1282 1662 1540 1718 dispellenda
1574 1662 1770 1718 caligine,
1805 1675 1912 1718 quae
1950 1664 2305 1717 praestantissimo
2338 1664 2402 1708 illi
2437 1664 2601 1720 dialogo

464 1756 618 1798 magna
645 1755 697 1785 ex
725 1746 847 1797 parte
874 1741 1008 1785 offusa
1035 1746 1118 1793 est,
1152 1754 1203 1784 ea
1230 1740 1299 1783 vix
1326 1740 1625 1796 respondeant,
1653 1753 1760 1795 quae
1783 1741 1875 1796 jam
1902 1741 2071 1783 inventa
2098 1745 2205 1784 sunt.
2264 1741 2349 1785 Nec
2377 1755 2472 1785 vero
2500 1742 2602 1785 haec

460 1820 661 1864 orationis
690 1819 929 1863 Platonicae
956 1819 1119 1863 incuria
1147 1818 1415 1876 explicationi
1450 1819 1538 1876 ejus
1572 1818 1672 1872 loci,
1708 1818 1781 1876 qui
1815 1822 1879 1862 est
1906 1817 1959 1862 de
1986 1819 2151 1863 animae
2179 1819 2415 1864 mundanae
2442 1819 2603 1866 confor-

466 1900 669 1952 matione,
707 1899 956 1942 detrimento
984 1911 1071 1941 esse
1099 1911 1183 1941 non
1217 1898 1365 1953 potuit.
1425 1898 1540 1950 Quae
1567 1910 1634 1941 nes
1661 1911 1757 1941 cum
1784 1898 1846 1942 ita
1873 1911 1917 1941 se
1945 1898 2101 1942 habere
2128 1898 2231 1942 mihi
2258 1898 2487 1951 videretur,
2526 1899 2603 1942 ali-

465 1982 672 2033 quantum
698 1978 789 2033 spei
816 1978 921 2020 mihi
947 1977 1104 2020 affulsit
1130 1977 1218 2020 fore
1236 1980 1297 2028 ut,
1326 1977 1362 2019 si
1378 1977 1471 2032 ipsa
1483 1976 1668 2019 Platonis
1686 1976 1814 2019 verba
1842 1976 1975 2031 magis
2002 1990 2208 2032 sequerer,
2236 1976 2396 2033 aliquot
2422 1977 2603 2021 virorum

462 2056 681 2100 doctorum
709 2069 869 2099 errores
895 2056 1088 2098 tollerem
1115 2060 1159 2098 et
1186 2054 1358 2098 fortasse
1386 2054 1672 2098 verisimiliora
1698 2055 1786 2110 ipse
1813 2054 2016 2098 docerem.

664 2180 798 2221 Locus
832 2179 904 2220 ille
933 2179 1110 2229 Timaei,
1146 2179 1218 2232 qui
1252 2183 1315 2220 est
1343 2178 1395 2220 de
1423 2179 1587 2220 animae
1615 2178 1851 2221 mundanae
1878 2179 2113 2229 elementis,
2151 2179 2304 2233 legitur
2332 2193 2372 2233 p.
2395 2183 2447 2223 35
2477 2181 2514 2221 A
2542 2194 2599 2234 sq.

465 2256 575 2299 Eum
617 2256 708 2312 jam
750 2255 993 2311 transcripsi
1037 2259 1080 2299 et
1114 2255 1249 2299 varias
1290 2254 1494 2299 librorum
1535 2255 1762 2310 scripturas
1796 2255 2059 2311 virorumque
2095 2254 2311 2299 doctorum
2346 2256 2603 2311 conjecturas

460 2334 615 2378 addidi.

727 2414 803 2468 τῆς
849 2409 1080 2467 ἀμερίστου
1124 2410 1197 2453 καὶ
1241 2407 1308 2453 ἀεὶ
1356 2409 1465 2452 κατὰ
1505 2408 1639 2453 wlco>
1674 2408 1849 2467 ἐχούσης
1884 2409 2033 2462 οὐσίας
2067 2410 2140 2454 καὶ
2173 2414 2248 2466 τῆς
2284 2405 2336 2454 αὖ

729 2488 833 2546 περὶ
868 2488 923 2533 τὰ
957 2485 1137 2544 σώματα
1169 2486 1419 2545 γιγνομένης
1454 2490 1657 2545 μεριστῆς
1692 2486 1837 2545 τρίτον
1871 2488 1919 2542 ἐξ
1953 2485 2117 2546 ἀμφοῖν
2145 2486 2190 2532 ἐν
2218 2487 2337 2544 μέσῳ

728 2563 1032 2624 ξυνεκεράσατο
1075 2564 1224 2618 οὐσίας
1265 2562 1398 2620 εἶδος)
1447 2569 1523 2623 τῆς
1558 2583 1605 2609 τε
1638 2564 1794 2610 ταύτοῦ
1830 2564 1998 2625 φύσεως
2035 2560 2087 2610 αὖ
2123 2566 2227 2623 πέρι
2264 2568 2335 2609 καὶ

727 2650 804 2704 τῆς
831 2646 1040 2704 θατέρου,
1076 2645 1149 2690 καὶ
1176 2645 1285 2690 κατὰ
1313 2648 1447 2689 ταῦτα
1474 2644 1724 2702 ξυνέστησεν
1753 2644 1798 2690 ἑν
1826 2645 1945 2703 μέσῳ
1972 2648 2049 2690 τοῦ
2076 2661 2123 2689 τε
2152 2642 2334 2701 ἀμεροῦς

641 2731 665 2770 5
725 2723 862 2769 αὐτῶν
897 2724 969 2769 καὶ
1004 2727 1081 2768 τοῦ
1118 2724 1227 2768 κατὰ
1257 2723 1311 2767 τὰ
1340 2720 1521 2778 σώματα
1548 2726 1772 2780 μεριστοῦ.
1830 2723 1902 2768 καὶ
1929 2722 2028 2781 τρία
2055 2723 2197 2779 λαβών
2226 2721 2333 2767 αὐτὰ

662 2939 692 2982 ¹)
728 2937 910 2981 Susemihl,
935 2937 1138 2974 Uebersetz.
1163 2948 1195 2982 p.
1219 2938 1296 2974 848.

661 2995 691 3036 2)
727 2993 813 3029 Tim.
838 3005 872 3038 p.
895 2996 939 3029 59
963 3004 992 3028 c.

661 3051 692 3094 ³)
726 3047 770 3085 de
792 3048 882 3085 Plat.
907 3050 1105 3095 systematis
1128 3049 1363 3086 fundamento.
1386 3061 1420 3094 p.
1448 3050 1498 3084 13.

660 3105 692 3151 ⁴)
728 3115 757 3141 c.
784 3106 812 3141 1.
848 3104 899 3142 Cf.
924 3105 1019 3142 Sext.
1043 3105 1176 3153 Empir.
1199 3105 1276 3142 adv.
1300 3105 1406 3143 math.
1431 3104 1448 3141 1
1472 3106 1548 3141 301.

659 3164 690 3204 ⁶)
725 3162 769 3196 de
791 3166 861 3197 nat.
885 3162 980 3197 deor.
1005 3163 1042 3196 ΙΙ
1064 3166 1096 3197 5.
1124 3165 1174 3196 15.

658 3218 689 3261 ⁸)
723 3216 767 3253 de
789 3217 881 3254 Plat.
903 3218 1061 3263 corporis
1084 3217 1250 3255 mundani
1272 3217 1405 3254 fabrica
1429 3230 1462 3262 p.
1487 3219 1507 3253 3
1537 3217 1610 3260 (Kl.
1636 3217 1777 3253 Schrift.
1803 3216 1858 3252 III
1889 3230 1923 3262 p.
1947 3218 2037 3259 229).
